2902 5122
701 248 745 324 22

116 464 290 552 exprimere
312 464 459 546 voluisse,
481 485 543 549 qua
563 462 714 528 sententia
733 471 857 550 praeter
876 462 953 526 alios
975 463 1069 528 fuisse
1087 463 1223 528 Zellium
1240 464 1337 528 video

115 580 148 643 in
171 573 342 644 enchiridio
364 577 460 666 epigr.
489 577 581 643 Rom.
605 577 641 641 H
661 601 691 665 p.
713 579 783 642 220.
833 576 909 642 Post
935 586 1038 644 autem
1066 579 1160 643 aliam
1180 580 1337 645 rationem

115 716 195 780 quae
214 693 343 780 quidem
363 693 467 757 verior
488 714 554 758 esse
575 688 651 781 mibi
680 694 837 758 videretur
866 691 1074 770 Quintilianus
1101 693 1194 757 instit.
1218 694 1338 759 oratl

73 826 77 833 ‘
115 808 151 892 7,
174 811 214 874 18
235 809 284 873 his
305 803 632 894 verbis'snppeditavit
659 809 736 874 ‘Ab
764 804 919 895 syllabam
946 807 1031 872 euius
1059 810 1226 873 secundam
1247 832 1337 874 nunc

114 921 142 989 E
169 923 313 1013 ponimus
343 923 427 986 varie
447 916 505 1010 per
522 920 565 989 'A
591 923 665 988 etl
693 925 878 1006 efferebant,
914 923 1071 1008 quidam
1104 918 1256 1012 semper
1291 935 1336 989 ut

114 1037 281 1120 Graeci,·
299 1038 426 1124 quidam
438 1038 637 1123 singulariter
656 1048 777 1103 tantiam
797 1060 870 1103 oum
887 1037 921 1100 in
935 1037 1073 1101 dativum
1085 1038 1137 1102 vel
1158 1037 1335 1124 genitivum

113 1177 220 1220 casum
238 1152 417 1218 incidissent
436 1152 520 1217 unde
543 1154 636 1240 pictai
656 1155 749 1219 vestis
771 1163 801 1219 et
822 1154 913 1240 aquai
927 1153 1086 1239 Vergilius
1103 1140 1334 1219 amantissimus

114 1269 272 1336 vetustatis
293 1268 488 1333 carminibus
502 1267 647 1334 inseruit.²
688 1267 843 1335 Graecam
862 1268 1004 1353 linguam
1026 1290 1143 1355 magua
1163 1268 1334 1334 Claudium

114 1383 318 1449 admiratione
332 1380 505 1450 celebrasse
518 1394 549 1448 et
566 1381 732 1450 Suetonius
751 1385 841 1449 docet
863 1382 911 1450 Ol.
927 1382 1023 1447 XLII
1038 1406 1083 1470 pr.
1108 1363 1191 1480 ‘Nec
1208 1384 1334 1450 minore

113 1521 188 1563 cura
215 1497 338 1565 Graeca
366 1499 467 1567 studia
500 1509 619 1565 secutus
648 1510 693 1565 est
720 1520 857 1564 amorem
891 1501 1171 1586 praestantiamque
1203 1499 1333 1585 linguae

114 1613 275 1679 occasione
309 1615 393 1680 omni
427 1615 582 1700 professus
612 1637 637 1680 e.
666 1638 696 1701 q.
724 1617 758 1680 s.’
786 1624 817 1680 et
844 1635 944 1680 novae
971 1623 1033 1679 tres
1069 1615 1175 1679 literae
1206 1637 1284 1700 quas
1312 1639 1333 1678 a

115 1726 245 1794 Graecis
266 1739 455 1817 sumpserat,
479 1752 593 1817 nempe
614 1730 771 1817 digamma
793 1730 999 1797 Claudianum
1022 1728 1163 1796 Graecae
1182 1729 1225 1812 F,
1251 1730 1333 1794 anti-

114 1842 214 1930 sigma
236 1842 377 1910 Graecae
403 1849 450 1927 Ψ,
471 1845 593 1910 tertiam
616 1844 639 1909 l
658 1846 779 1910 literam
794 1845 935 1912 Graecae
962 1848 990 1906 Y
1004 1845 1193 1933 respondere
1214 1867 1334 1930 cogno-

113 1959 223 2024 vimus.
257 1959 342 2038 Quid
363 1960 458 2047 igitur
478 1961 544 2031 veri
565 1968 666 2046 potest
687 1938 815 2027 similius
837 1982 1019 2048 essequam
1040 1969 1184 2046 quartum
1204 1981 1333 2046 qnoque

112 2073 273 2138 inventum
309 2097 326 2141 e
359 2075 482 2143 Graeca
512 2076 620 2161 lingua
650 2074 817 2156 Caesarem
849 2077 1049 2163 repetivisse?
1103 2075 1223 2162 Atquin
1258 2096 1333 2139 eam

113 2210 223 2255 vocem
252 2211 345 2275 quam
373 2191 542 2256 coniunctis
569 2191 604 2255 A
626 2189 704 2254 etE
731 2189 828 2254 literis
853 2191 958 2273 Latini
985 2193 1184 2257 declarabant
1212 2189 1333 2255 Graeci

112 2303 175 2368 iam
197 2305 363 2391 antiquitus
385 2307 418 2370 A
439 2316 469 2370 et
488 2305 507 2370 I
526 2305 685 2370 vocalibus
704 2306 930 2392 exprimebant.
955 2309 993 2372 cf.
1014 2304 1206 2372 Mehlhornii
1224 2328 1332 2392 gram-

112 2419 224 2484 matica
245 2440 360 2505 graeca
380 2419 420 2504 (a.
443 2420 538 2506 1845)
558 2442 589 2506 p.
611 2420 663 2483 22.
705 2420 812 2499 Quare
841 2420 972 2489 Graecis
1000 2422 1168 2488 Claudium
1186 2404 1333 2507 'quorum

111 2535 266 2622 potiorem
291 2534 432 2620 linguam
455 2535 781 2622 praestabilioremque
807 2537 941 2616 habebat
968 2538 1142 2602 auctoribus
1166 2558 1255 2601 usum
1276 2537 1333 2600 Al

112 2649 237 2736 syllaba
263 2658 298 2714 ut
323 2672 381 2736 pro
418 2651 452 2715 A
485 2659 516 2715 et
549 2648 577 2715 E
610 2649 706 2714 literis
742 2653 926 2721 scriberetur
958 2652 1151 2740 praecepisse
1179 2651 1332 2737 suspicor.

112 2765 280 2851 Potestque
300 2773 335 2829 ut
356 2764 565 2843 Quintilianus
593 2766 734 2852 ‘quidam
759 2788 882 2852 semper
907 2775 942 2832 ut
968 2766 1082 2834 Graeci
1110 2765 1182 2854 [ΑΕ
1208 2788 1266 2852 per
1295 2769 1333 2832 A

113 2889 144 2948 et
169 2880 189 2944 I
211 2879 414 2970 ¹efferebant]'
440 2879 631 2968 ipsumhoc
657 2880 781 2947 Claudii
804 2880 965 2961 inventum
990 2883 1028 2965 in
1051 2881 1154 2957 animo
1175 2881 1332 2946 habuerit.

112 2993 237 3065 Tacitus
265 3017 340 3060 uero
375 3004 411 3073 et,
441 2993 607 3081 Suetonius
626 2996 727 3083 ‚quod
752 3019 817 3062 non
850 2999 1040 3065 mentionem
1067 2997 1126 3062 nisi
1161 2997 1200 3063 de
1229 2996 1333 3062 tribus

111 3109 252 3191 fecerunt
266 3110 436 3190 literarum
450 3110 558 3195 formis
569 3137 604 3196 a.
619 3112 750 3197 Claudio
765 3114 917 3197 inventis²
936 3114 969 3176 id
988 3111 1103 3176 nemini
1120 3120 1194 3198 puto
1212 3111 1332 3201 mirum

111 3223 188 3291 fore.
204 3224 303 3293 Nam
320 3247 418 3291 novas
438 3248 566 3314 prorsus
587 3228 816 3314 insolentesque
836 3227 864 3292 d
884 3225 912 3293 Ο
935 3227 959 3292 l
979 3224 1084 3290 literas
1102 3226 1253 3292 notabiles
1274 3227 1332 3311 ha7

111 3341 246 3406 buerunt
267 3341 440 3429 dignasque
460 3343 603 3424 historia,
623 3343 829 3428 neglexerunt
845 3341 896 3406 AI
912 3341 1141 3428 diphthongum
1162 3341 1330 3407 aOlaudio

111 3457 270 3524 inductam
289 3467 394 3546 utpote
417 3480 496 3545 quae
517 3466 548 3525 et
571 3466 643 3545 ante
671 3466 701 3521 et
726 3465 797 3545 post
818 3454 1024 3538 Claudianum
1049 3466 1180 3522 aetatem
1205 3455 1331 3542 saepius

111 3583 320 3659 usurparetur.
346 3628 350 3635 .
385 3608 392 3631 ι
416 3608 451 3647 ,·.

565 3799 809 3815 -‚-·---—-·----,--
817 3798 847 3805 ...a

196 4020 199 4027 ·
336 3979 371 4027 ⁸
495 4006 517 4021 .,
554 3972 680 4084 eaput
708 3968 897 4085 qucum.

144 4218 159 4227 ..
193 4128 364 4249 Postquam
376 4134 534 4250 ,quattuor
551 4163 768 4249 indagavimus
780 4163 910 4228 Latinae
929 4162 1055 4249 linguae
1074 4132 1330 4227 commutationes

113 4301 131 4342 a
153 4277 285 4346 Claudio
307 4279 418 4360 factas,
447 4300 523 4363 quas
544 4279 683 4367 generali
705 4279 895 4345 ‘literarum
923 4278 1074 4342 vocabulo
1096 4278 1238 4363 quotiens
1260 4287 1331 4342 utar

112 4394 287 4507 intelligere
306 4412 371 4461 tos
398 4395 491 4459 velim
498 4418 508 4476 ς·
535 4396 615 4459 iam·
634 4394 883 4480 investigandum
915 4401 963 4458 est
996 4414 1015 4458 e
1041 4415 1106 4479 quo
1120 4402 1271 4480 tempore
1298 4403 1332 4458 et

112 4509 216 4599 quoad
237 4519 267 4573 et
289 4511 438 4596 quatenus
460 4522 560 4576 norae
581 4510 689 4576 literae
706 4511 767 4574 sint
787 4514 960 4597 usurpatae.
990 4506 1189 4595 Ao‘primnm
1203 4507 1332 4593 quidem
