<?xml version="1.0" encoding="UTF-8"?>
<!DOCTYPE html PUBLIC "-//W3C//DTD XHTML 1.0 Transitional//EN"
    "http://www.w3.org/TR/xhtml1/DTD/xhtml1-transitional.dtd">
<html xmlns="http://www.w3.org/1999/xhtml" xml:lang="en" lang="en">
 <head>
  <title>
</title>
<meta http-equiv="Content-Type" content="text/html;charset=utf-8" />
  <meta name='ocr-system' content='tesseract 3.04.00' />
  <meta name='ocr-capabilities' content='ocr_page ocr_carea ocr_par ocr_line ocrx_word'/>
</head>
<body>
  <div class='ocr_page' id='page_1' title='image "./deticlavdiocaes00buecgoog_0011.png"; bbox 0 0 2902 5122; ppageno 0'>
   <div class='ocr_carea' id='block_1_1' title="bbox 742 270 768 343">
    <p class='ocr_par' dir='ltr' id='par_1_1' title="bbox 742 270 768 343">
     <span class='ocr_line' id='line_1_1' title="bbox 742 270 768 343; baseline 0 0"><span class='ocrx_word' id='word_1_1' title='bbox 742 270 768 343; x_wconf 87' lang='grc'>4</span> 
     </span>
    </p>
   </div>
   <div class='ocr_carea' id='block_1_2' title="bbox 626 363 885 371">
    <p class='ocr_par' dir='ltr' id='par_1_2' title="bbox 626 363 885 371">
     <span class='ocr_line' id='line_1_2' title="bbox 626 363 885 371; baseline 0 -1"><span class='ocrx_word' id='word_1_2' title='bbox 626 363 885 371; x_wconf 49' lang='lat' dir='ltr'>man—..-</span> 
     </span>
    </p>
   </div>
   <div class='ocr_carea' id='block_1_3' title="bbox 151 483 1367 1605">
    <p class='ocr_par' dir='ltr' id='par_1_3' title="bbox 151 483 1367 917">
     <span class='ocr_line' id='line_1_3' title="bbox 234 483 1367 566; baseline -0.004 -15"><span class='ocrx_word' id='word_1_3' title='bbox 234 483 356 551; x_wconf 86' lang='lat' dir='ltr'>Gellius</span> <span class='ocrx_word' id='word_1_4' title='bbox 385 493 465 548; x_wconf 91' lang='lat' dir='ltr'>noct.</span> <span class='ocrx_word' id='word_1_5' title='bbox 495 484 575 548; x_wconf 89' lang='lat' dir='ltr'>attic.</span> <span class='ocrx_word' id='word_1_6' title='bbox 596 483 680 547; x_wconf 80' lang='lat' dir='ltr'>XIV</span> <span class='ocrx_word' id='word_1_7' title='bbox 705 486 741 566; x_wconf 83' lang='lat'>5,</span> <span class='ocrx_word' id='word_1_8' title='bbox 770 485 790 548; x_wconf 79' lang='lat'><strong>2</strong></span> <span class='ocrx_word' id='word_1_9' title='bbox 818 484 917 548; x_wconf 84' lang='lat' dir='ltr'>‘Nam</span> <span class='ocrx_word' id='word_1_10' title='bbox 945 483 1085 549; x_wconf 80' lang='lat' dir='ltr'>DIVVS</span> <span class='ocrx_word' id='word_1_11' title='bbox 1119 494 1149 548; x_wconf 90' lang='lat' dir='ltr'>et</span> <span class='ocrx_word' id='word_1_12' title='bbox 1174 483 1311 551; x_wconf 80' lang='lat' dir='ltr'><strong>RIVVS</strong></span> <span class='ocrx_word' id='word_1_13' title='bbox 1334 495 1367 548; x_wconf 91' lang='lat' dir='ltr'>et</span> 
     </span>
     <span class='ocr_line' id='line_1_4' title="bbox 153 597 1367 684; baseline -0.002 -19"><span class='ocrx_word' id='word_1_14' title='bbox 153 597 316 665; x_wconf 80' lang='lat' dir='ltr'>OLIVVS</span> <span class='ocrx_word' id='word_1_15' title='bbox 344 621 408 663; x_wconf 91' lang='lat' dir='ltr'>non</span> <span class='ocrx_word' id='word_1_16' title='bbox 435 597 492 664; x_wconf 77' lang='lat' dir='ltr'>VS</span> <span class='ocrx_word' id='word_1_17' title='bbox 519 597 641 684; x_wconf 82' lang='lat' dir='ltr'>syllaba</span> <span class='ocrx_word' id='word_1_18' title='bbox 668 599 887 680; x_wconf 75' lang='lat' dir='ltr'>terminantur,</span> <span class='ocrx_word' id='word_1_19' title='bbox 915 598 970 662; x_wconf 91' lang='lat' dir='ltr'>sed</span> <span class='ocrx_word' id='word_1_20' title='bbox 999 618 1035 662; x_wconf 91' lang='lat' dir='ltr'>ea</span> <span class='ocrx_word' id='word_1_21' title='bbox 1062 619 1141 683; x_wconf 88' lang='lat' dir='ltr'>quae</span> <span class='ocrx_word' id='word_1_22' title='bbox 1167 620 1223 684; x_wconf 94' lang='lat' dir='ltr'>per</span> <span class='ocrx_word' id='word_1_23' title='bbox 1250 598 1311 662; x_wconf 92' lang='lat' dir='ltr'>duo</span> <span class='ocrx_word' id='word_1_24' title='bbox 1335 599 1367 662; x_wconf 92' lang='lat' dir='ltr'>V</span> 
     </span>
     <span class='ocr_line' id='line_1_5' title="bbox 151 711 1367 801; baseline -0.002 -23"><span class='ocrx_word' id='word_1_25' title='bbox 151 712 313 778; x_wconf 90' lang='lat' dir='ltr'>scribenda</span> <span class='ocrx_word' id='word_1_26' title='bbox 335 722 394 796; x_wconf 90' lang='lat' dir='ltr'>est,</span> <span class='ocrx_word' id='word_1_27' title='bbox 422 722 549 800; x_wconf 90' lang='lat' dir='ltr'>propter</span> <span class='ocrx_word' id='word_1_28' title='bbox 579 715 663 778; x_wconf 88' lang='lat' dir='ltr'>cuius</span> <span class='ocrx_word' id='word_1_29' title='bbox 692 711 832 801; x_wconf 81' lang='lat' dir='ltr'>syllabae</span> <span class='ocrx_word' id='word_1_30' title='bbox 858 736 969 778; x_wconf 92' lang='lat' dir='ltr'>sonum</span> <span class='ocrx_word' id='word_1_31' title='bbox 996 714 1215 778; x_wconf 89' lang='lat' dir='ltr'>declarandum</span> <span class='ocrx_word' id='word_1_32' title='bbox 1241 721 1367 801; x_wconf 89' lang='lat' dir='ltr'>reperta</span> 
     </span>
     <span class='ocr_line' id='line_1_6' title="bbox 152 828 959 917; baseline 0 -24"><span class='ocrx_word' id='word_1_33' title='bbox 152 839 217 894; x_wconf 89' lang='lat' dir='ltr'>erat</span> <span class='ocrx_word' id='word_1_34' title='bbox 237 851 319 893; x_wconf 90' lang='lat' dir='ltr'>nova</span> <span class='ocrx_word' id='word_1_35' title='bbox 339 828 429 892; x_wconf 90' lang='lat' dir='ltr'>litera</span> <span class='ocrx_word' id='word_1_36' title='bbox 452 849 531 913; x_wconf 90' lang='lat' dir='ltr'>quae</span> <span class='ocrx_word' id='word_1_37' title='bbox 552 828 707 914; x_wconf 87' lang='lat' dir='ltr'>digamma</span> <span class='ocrx_word' id='word_1_38' title='bbox 728 829 959 917; x_wconf 87' lang='lat' dir='ltr'>appellabatur.’</span> 
     </span>
    </p>

    <p class='ocr_par' dir='ltr' id='par_1_4' title="bbox 151 942 1366 1376">
     <span class='ocr_line' id='line_1_7' title="bbox 232 942 1365 1022; baseline -0.002 -15"><span class='ocrx_word' id='word_1_39' title='bbox 232 945 287 1008; x_wconf 92' lang='lat' dir='ltr'>Ad</span> <span class='ocrx_word' id='word_1_40' title='bbox 320 944 450 1008; x_wconf 92' lang='lat' dir='ltr'>eandem</span> <span class='ocrx_word' id='word_1_41' title='bbox 483 943 605 1007; x_wconf 85' lang='lat' dir='ltr'>literam</span> <span class='ocrx_word' id='word_1_42' title='bbox 638 968 656 1008; x_wconf 94' lang='lat' dir='ltr'>a</span> <span class='ocrx_word' id='word_1_43' title='bbox 682 944 813 1011; x_wconf 83' lang='lat' dir='ltr'>Claudio</span> <span class='ocrx_word' id='word_1_44' title='bbox 842 944 1000 1007; x_wconf 90' lang='lat' dir='ltr'>inventam</span> <span class='ocrx_word' id='word_1_45' title='bbox 1028 942 1236 1022; x_wconf 80' lang='lat' dir='ltr'>Quintilianus</span> <span class='ocrx_word' id='word_1_46' title='bbox 1271 944 1365 1007; x_wconf 87' lang='lat' dir='ltr'>etiam</span> 
     </span>
     <span class='ocr_line' id='line_1_8' title="bbox 151 1057 1366 1159; baseline 0.001 -37"><span class='ocrx_word' id='word_1_47' title='bbox 151 1057 221 1122; x_wconf 88' lang='grc' dir='ltr'>ΧΠ</span> <span class='ocrx_word' id='word_1_48' title='bbox 236 1061 292 1141; x_wconf 88' lang='grc'>10,</span> <span class='ocrx_word' id='word_1_49' title='bbox 307 1059 348 1123; x_wconf 86' lang='grc'>29</span> <span class='ocrx_word' id='word_1_50' title='bbox 361 1059 409 1122; x_wconf 90' lang='lat' dir='ltr'>his</span> <span class='ocrx_word' id='word_1_51' title='bbox 423 1059 525 1123; x_wconf 87' lang='lat' dir='ltr'>verbis</span> <span class='ocrx_word' id='word_1_52' title='bbox 539 1059 663 1159; x_wconf 78' lang='lat' dir='ltr'>respicit</span> <span class='ocrx_word' id='word_1_53' title='bbox 675 1059 833 1157; x_wconf 48' lang='lat' dir='ltr'>{Aeolicac</span> <span class='ocrx_word' id='word_1_54' title='bbox 846 1080 970 1145; x_wconf 83' lang='lat' dir='ltr'>quoque</span> <span class='ocrx_word' id='word_1_55' title='bbox 984 1058 1091 1123; x_wconf 93' lang='lat' dir='ltr'>literae</span> <span class='ocrx_word' id='word_1_56' title='bbox 1106 1083 1167 1145; x_wconf 89' lang='lat' dir='ltr'>qua</span> <span class='ocrx_word' id='word_1_57' title='bbox 1181 1058 1366 1124; x_wconf 79' lang='lat' dir='ltr'><strong>SERVVM</strong></span> 
     </span>
     <span class='ocr_line' id='line_1_9' title="bbox 153 1172 1366 1260; baseline -0.002 -21"><span class='ocrx_word' id='word_1_58' title='bbox 153 1172 398 1259; x_wconf 84' lang='lat' dir='ltr'>CERVVMque</span> <span class='ocrx_word' id='word_1_59' title='bbox 429 1173 557 1237; x_wconf 81' lang='lat' dir='ltr'>dicimus</span> <span class='ocrx_word' id='word_1_60' title='bbox 586 1173 703 1237; x_wconf 91' lang='lat' dir='ltr'>etiamsi</span> <span class='ocrx_word' id='word_1_61' title='bbox 730 1174 830 1239; x_wconf 87' lang='lat' dir='ltr'>forma</span> <span class='ocrx_word' id='word_1_62' title='bbox 865 1197 883 1236; x_wconf 90' lang='lat' dir='ltr'>a</span> <span class='ocrx_word' id='word_1_63' title='bbox 913 1174 1002 1237; x_wconf 84' lang='lat' dir='ltr'>nobis</span> <span class='ocrx_word' id='word_1_64' title='bbox 1033 1174 1192 1260; x_wconf 85' lang='lat' dir='ltr'>repudiata</span> <span class='ocrx_word' id='word_1_65' title='bbox 1221 1183 1282 1256; x_wconf 87' lang='lat' dir='ltr'>est,</span> <span class='ocrx_word' id='word_1_66' title='bbox 1317 1174 1366 1237; x_wconf 87' lang='lat' dir='ltr'>vis</span> 
     </span>
     <span class='ocr_line' id='line_1_10' title="bbox 151 1289 1211 1376; baseline -0.005 -22"><span class='ocrx_word' id='word_1_67' title='bbox 151 1298 255 1354; x_wconf 81' lang='lat' dir='ltr'>tamen</span> <span class='ocrx_word' id='word_1_68' title='bbox 275 1309 332 1352; x_wconf 92' lang='lat' dir='ltr'>nos</span> <span class='ocrx_word' id='word_1_69' title='bbox 353 1289 420 1376; x_wconf 86' lang='lat' dir='ltr'>ipsa</span> <span class='ocrx_word' id='word_1_70' title='bbox 439 1289 650 1375; x_wconf 66' lang='lat' dir='ltr'>persequitur!</span> <span class='ocrx_word' id='word_1_71' title='bbox 721 1346 724 1350; x_wconf 20' lang='lat' dir='ltr'>i</span> <span class='ocrx_word' id='word_1_72' title='bbox 1200 1295 1211 1331; x_wconf 85' lang='lat'>&#39;·</span> 
     </span>
    </p>

    <p class='ocr_par' dir='ltr' id='par_1_5' title="bbox 153 1402 1366 1605">
     <span class='ocr_line' id='line_1_11' title="bbox 172 1402 1365 1488; baseline -0.003 -19"><span class='ocrx_word' id='word_1_73' title='bbox 172 1436 175 1441; x_wconf 94' lang='lat'><strong>·</strong></span> <span class='ocrx_word' id='word_1_74' title='bbox 232 1402 398 1469; x_wconf 83' lang='lat' dir='ltr'>Rationem</span> <span class='ocrx_word' id='word_1_75' title='bbox 434 1424 527 1488; x_wconf 88' lang='lat' dir='ltr'>quam</span> <span class='ocrx_word' id='word_1_76' title='bbox 555 1403 711 1488; x_wconf 82' lang='lat' dir='ltr'>digamma</span> <span class='ocrx_word' id='word_1_77' title='bbox 744 1427 762 1466; x_wconf 91' lang='lat' dir='ltr'>a</span> <span class='ocrx_word' id='word_1_78' title='bbox 791 1402 922 1468; x_wconf 78' lang='lat' dir='ltr'>Claudio</span> <span class='ocrx_word' id='word_1_79' title='bbox 958 1403 1119 1469; x_wconf 89' lang='lat' dir='ltr'>inventum</span> <span class='ocrx_word' id='word_1_80' title='bbox 1142 1404 1254 1468; x_wconf 81' lang='lat' dir='ltr'>habeat</span> <span class='ocrx_word' id='word_1_81' title='bbox 1279 1402 1365 1467; x_wconf 84' lang='lat' dir='ltr'>haud</span> 
     </span>
     <span class='ocr_line' id='line_1_12' title="bbox 153 1516 1366 1605; baseline -0.001 -24"><span class='ocrx_word' id='word_1_82' title='bbox 153 1517 279 1583; x_wconf 90' lang='lat' dir='ltr'>difficile</span> <span class='ocrx_word' id='word_1_83' title='bbox 299 1517 448 1603; x_wconf 82' lang='lat' dir='ltr'>indagatu</span> <span class='ocrx_word' id='word_1_84' title='bbox 470 1526 523 1585; x_wconf 82' lang='lat' dir='ltr'>est.</span> <span class='ocrx_word' id='word_1_85' title='bbox 566 1516 649 1580; x_wconf 89' lang='lat' dir='ltr'>Nam</span> <span class='ocrx_word' id='word_1_86' title='bbox 669 1517 818 1583; x_wconf 89' lang='lat' dir='ltr'>Romanis</span> <span class='ocrx_word' id='word_1_87' title='bbox 839 1518 980 1583; x_wconf 88' lang='lat' dir='ltr'>similiter</span> <span class='ocrx_word' id='word_1_88' title='bbox 997 1527 1090 1604; x_wconf 90' lang='lat' dir='ltr'>atque</span> <span class='ocrx_word' id='word_1_89' title='bbox 1111 1518 1221 1582; x_wconf 82' lang='lat' dir='ltr'>decimi</span> <span class='ocrx_word' id='word_1_90' title='bbox 1242 1518 1366 1605; x_wconf 89' lang='lat' dir='ltr'>septimi</span> 
     </span>
    </p>
   </div>
   <div class='ocr_carea' id='block_1_4' title="bbox 10 1630 1366 1719">
    <p class='ocr_par' dir='ltr' id='par_1_6' title="bbox 10 1630 1366 1719">
     <span class='ocr_line' id='line_1_13' title="bbox 10 1630 1366 1719; baseline 0 -23"><span class='ocrx_word' id='word_1_91' title='bbox 10 1707 12 1711; x_wconf 11' lang='lat' dir='ltr'>y</span> <span class='ocrx_word' id='word_1_92' title='bbox 64 1715 66 1719; x_wconf 19' lang='grc' dir='ltr'>ι</span> <span class='ocrx_word' id='word_1_93' title='bbox 154 1631 269 1697; x_wconf 90' lang='lat' dir='ltr'>saeculi</span> <span class='ocrx_word' id='word_1_94' title='bbox 296 1632 465 1718; x_wconf 87' lang='lat' dir='ltr'>philologis</span> <span class='ocrx_word' id='word_1_95' title='bbox 493 1630 704 1718; x_wconf 85' lang='lat' dir='ltr'>maximopere</span> <span class='ocrx_word' id='word_1_96' title='bbox 731 1633 792 1696; x_wconf 90' lang='lat' dir='ltr'>hoc</span> <span class='ocrx_word' id='word_1_97' title='bbox 820 1633 942 1698; x_wconf 84' lang='lat' dir='ltr'>videtur</span> <span class='ocrx_word' id='word_1_98' title='bbox 976 1633 1239 1714; x_wconf 88' lang='lat' dir='ltr'>incommodasse,</span> <span class='ocrx_word' id='word_1_99' title='bbox 1272 1644 1306 1697; x_wconf 88' lang='lat' dir='ltr'>ut</span> <span class='ocrx_word' id='word_1_100' title='bbox 1332 1632 1366 1696; x_wconf 89' lang='lat' dir='ltr'><strong>V</strong></span> 
     </span>
    </p>
   </div>
   <div class='ocr_carea' id='block_1_5' title="bbox 151 1745 1368 4593">
    <p class='ocr_par' dir='ltr' id='par_1_7' title="bbox 153 1745 1368 4364">
     <span class='ocr_line' id='line_1_14' title="bbox 154 1745 1367 1825; baseline -0.001 -14"><span class='ocrx_word' id='word_1_101' title='bbox 154 1747 349 1811; x_wconf 89' lang='lat' dir='ltr'>consonantis</span> <span class='ocrx_word' id='word_1_102' title='bbox 372 1745 447 1811; x_wconf 91' lang='lat' dir='ltr'>etV</span> <span class='ocrx_word' id='word_1_103' title='bbox 464 1746 578 1811; x_wconf 89' lang='lat' dir='ltr'>vocalis</span> <span class='ocrx_word' id='word_1_104' title='bbox 600 1747 775 1813; x_wconf 81' lang='lat' dir='ltr'>discrimine</span> <span class='ocrx_word' id='word_1_105' title='bbox 794 1755 943 1812; x_wconf 86' lang='lat' dir='ltr'>carerent.</span> <span class='ocrx_word' id='word_1_106' title='bbox 976 1745 1066 1825; x_wconf 84' lang='lat' dir='ltr'>Quae</span> <span class='ocrx_word' id='word_1_107' title='bbox 1086 1746 1226 1812; x_wconf 90' lang='lat' dir='ltr'>molestia</span> <span class='ocrx_word' id='word_1_108' title='bbox 1242 1747 1367 1812; x_wconf 79' lang='lat' dir='ltr'>Claudii</span> 
     </span>
     <span class='ocr_line' id='line_1_15' title="bbox 153 1861 1367 1954; baseline 0 -27"><span class='ocrx_word' id='word_1_109' title='bbox 153 1870 252 1928; x_wconf 87' lang='lat' dir='ltr'>aetate</span> <span class='ocrx_word' id='word_1_110' title='bbox 279 1861 376 1927; x_wconf 91' lang='lat' dir='ltr'>multo</span> <span class='ocrx_word' id='word_1_111' title='bbox 404 1862 504 1948; x_wconf 77' lang='lat' dir='ltr'>magis</span> <span class='ocrx_word' id='word_1_112' title='bbox 533 1884 626 1948; x_wconf 85' lang='lat' dir='ltr'>quam</span> <span class='ocrx_word' id='word_1_113' title='bbox 653 1872 744 1925; x_wconf 88' lang='lat' dir='ltr'>antea</span> <span class='ocrx_word' id='word_1_114' title='bbox 771 1863 804 1926; x_wconf 91' lang='lat' dir='ltr'>in</span> <span class='ocrx_word' id='word_1_115' title='bbox 831 1862 937 1927; x_wconf 89' lang='lat' dir='ltr'>oculos</span> <span class='ocrx_word' id='word_1_116' title='bbox 964 1861 1141 1928; x_wconf 85' lang='lat' dir='ltr'>incurrebat</span> <span class='ocrx_word' id='word_1_117' title='bbox 1163 1871 1192 1926; x_wconf 90' lang='lat' dir='ltr'>et</span> <span class='ocrx_word' id='word_1_118' title='bbox 1217 1872 1367 1954; x_wconf 84' lang='lat' dir='ltr'>tanquam</span> 
     </span>
     <span class='ocr_line' id='line_1_16' title="bbox 154 1976 1367 2064; baseline -0.002 -21"><span class='ocrx_word' id='word_1_119' title='bbox 154 1977 301 2064; x_wconf 88' lang='lat' dir='ltr'>adspectu</span> <span class='ocrx_word' id='word_1_120' title='bbox 328 1976 531 2059; x_wconf 87' lang='lat' dir='ltr'>sentiebatur,</span> <span class='ocrx_word' id='word_1_121' title='bbox 566 1976 753 2061; x_wconf 82' lang='lat' dir='ltr'>quodcum</span> <span class='ocrx_word' id='word_1_122' title='bbox 789 1977 998 2063; x_wconf 88' lang='lat' dir='ltr'>superioribus</span> <span class='ocrx_word' id='word_1_123' title='bbox 1023 1978 1213 2064; x_wconf 85' lang='lat' dir='ltr'>temporibus</span> <span class='ocrx_word' id='word_1_124' title='bbox 1242 1978 1367 2043; x_wconf 70' lang='lat' dir='ltr'>Orox</span> 
     </span>
     <span class='ocr_line' id='line_1_17' title="bbox 154 2091 1367 2178; baseline 0.001 -24"><span class='ocrx_word' id='word_1_125' title='bbox 154 2100 225 2155; x_wconf 87' lang='lat' dir='ltr'>ante</span> <span class='ocrx_word' id='word_1_126' title='bbox 245 2099 276 2156; x_wconf 90' lang='lat' dir='ltr'>et</span> <span class='ocrx_word' id='word_1_127' title='bbox 295 2091 410 2178; x_wconf 91' lang='lat' dir='ltr'>postV</span> <span class='ocrx_word' id='word_1_128' title='bbox 427 2099 646 2156; x_wconf 89' lang='lat' dir='ltr'>consonantem</span> <span class='ocrx_word' id='word_1_129' title='bbox 666 2092 867 2175; x_wconf 80' lang='lat' dir='ltr'>scriberetur,</span> <span class='ocrx_word' id='word_1_130' title='bbox 887 2092 973 2157; x_wconf 89' lang='lat' dir='ltr'>velut</span> <span class='ocrx_word' id='word_1_131' title='bbox 994 2091 1238 2158; x_wconf 83' lang='lat' dir='ltr'><strong>VITROVIVS</strong></span> <span class='ocrx_word' id='word_1_132' title='bbox 1262 2091 1367 2158; x_wconf 89' lang='lat' dir='ltr'>VOL-</span> 
     </span>
     <span class='ocr_line' id='line_1_18' title="bbox 155 2205 1368 2294; baseline 0 -22"><span class='ocrx_word' id='word_1_133' title='bbox 155 2205 262 2289; x_wconf 84' lang='lat' dir='ltr'>GVS,</span> <span class='ocrx_word' id='word_1_134' title='bbox 281 2206 355 2271; x_wconf 90' lang='lat' dir='ltr'>inde</span> <span class='ocrx_word' id='word_1_135' title='bbox 377 2207 417 2271; x_wconf 88' lang='lat' dir='ltr'>ab</span> <span class='ocrx_word' id='word_1_136' title='bbox 437 2207 603 2292; x_wconf 86' lang='lat' dir='ltr'>Augustea</span> <span class='ocrx_word' id='word_1_137' title='bbox 623 2208 690 2274; x_wconf 89' lang='lat' dir='ltr'>fere</span> <span class='ocrx_word' id='word_1_138' title='bbox 714 2214 813 2272; x_wconf 86' lang='lat' dir='ltr'>aetate</span> <span class='ocrx_word' id='word_1_139' title='bbox 831 2207 865 2272; x_wconf 86' lang='lat' dir='ltr'>V.</span> <span class='ocrx_word' id='word_1_140' title='bbox 883 2207 984 2272; x_wconf 82' lang='lat' dir='ltr'>vocali</span> <span class='ocrx_word' id='word_1_141' title='bbox 1004 2209 1048 2272; x_wconf 93' lang='lat' dir='ltr'>uti</span> <span class='ocrx_word' id='word_1_142' title='bbox 1069 2215 1252 2294; x_wconf 89' lang='lat' dir='ltr'>coeperunt,</span> <span class='ocrx_word' id='word_1_143' title='bbox 1265 2208 1269 2215; x_wconf 81' lang='grc'><em>’</em></span> <span class='ocrx_word' id='word_1_144' title='bbox 1281 2207 1368 2272; x_wconf 92' lang='lat' dir='ltr'>velut</span> 
     </span>
     <span class='ocr_line' id='line_1_19' title="bbox 155 2319 1367 2412; baseline -0.002 -26"><span class='ocrx_word' id='word_1_145' title='bbox 155 2319 400 2412; x_wconf 77' lang='lat' dir='ltr'><strong>VITRVVIVS</strong></span> <span class='ocrx_word' id='word_1_146' title='bbox 422 2320 615 2388; x_wconf 77' lang='lat' dir='ltr'><strong>VVLGVS.</strong></span> <span class='ocrx_word' id='word_1_147' title='bbox 656 2321 779 2385; x_wconf 91' lang='lat' dir='ltr'>Idcirco</span> <span class='ocrx_word' id='word_1_148' title='bbox 805 2320 953 2386; x_wconf 81' lang='lat' dir='ltr'>Claudius</span> <span class='ocrx_word' id='word_1_149' title='bbox 981 2322 1119 2386; x_wconf 87' lang='lat' dir='ltr'>adeam</span> <span class='ocrx_word' id='word_1_150' title='bbox 1148 2321 1367 2407; x_wconf 80' lang='lat' dir='ltr'>cogitationem</span> 
     </span>
     <span class='ocr_line' id='line_1_20' title="bbox 154 2436 1368 2523; baseline -0.004 -19"><span class='ocrx_word' id='word_1_151' title='bbox 154 2437 303 2504; x_wconf 90' lang='lat' dir='ltr'>deductus</span> <span class='ocrx_word' id='word_1_152' title='bbox 324 2447 383 2520; x_wconf 90' lang='lat' dir='ltr'>est,</span> <span class='ocrx_word' id='word_1_153' title='bbox 410 2446 445 2503; x_wconf 91' lang='lat' dir='ltr'>ut</span> <span class='ocrx_word' id='word_1_154' title='bbox 471 2459 585 2503; x_wconf 85' lang='lat' dir='ltr'>novam</span> <span class='ocrx_word' id='word_1_155' title='bbox 612 2437 745 2504; x_wconf 88' lang='lat' dir='ltr'>formam</span> <span class='ocrx_word' id='word_1_156' title='bbox 771 2436 925 2501; x_wconf 82' lang='lat' dir='ltr'>inveniret</span> <span class='ocrx_word' id='word_1_157' title='bbox 944 2448 1006 2522; x_wconf 91' lang='lat' dir='ltr'>qua</span> <span class='ocrx_word' id='word_1_158' title='bbox 1019 2437 1057 2501; x_wconf 92' lang='lat' dir='ltr'>.V</span> <span class='ocrx_word' id='word_1_159' title='bbox 1079 2458 1250 2501; x_wconf 87' lang='lat' dir='ltr'>consonans</span> <span class='ocrx_word' id='word_1_160' title='bbox 1270 2437 1368 2523; x_wconf 84' lang='lat' dir='ltr'>signi·</span> 
     </span>
     <span class='ocr_line' id='line_1_21' title="bbox 153 2551 1367 2639; baseline -0.004 -17"><span class='ocrx_word' id='word_1_161' title='bbox 153 2553 316 2623; x_wconf 80' lang='lat' dir='ltr'>licaretur..</span> <span class='ocrx_word' id='word_1_162' title='bbox 347 2551 538 2639; x_wconf 88' lang='lat' dir='ltr'>Atquicum</span> <span class='ocrx_word' id='word_1_163' title='bbox 558 2551 587 2617; x_wconf 81' lang='lat' dir='ltr'>F</span> <span class='ocrx_word' id='word_1_164' title='bbox 608 2552 787 2638; x_wconf 81' lang='lat' dir='ltr'>digammon</span> <span class='ocrx_word' id='word_1_165' title='bbox 809 2573 888 2637; x_wconf 90' lang='lat' dir='ltr'>quae</span> <span class='ocrx_word' id='word_1_166' title='bbox 909 2551 992 2639; x_wconf 91' lang='lat' dir='ltr'>apud</span> <span class='ocrx_word' id='word_1_167' title='bbox 1013 2551 1152 2618; x_wconf 82' lang='lat' dir='ltr'>Graecos</span> <span class='ocrx_word' id='word_1_168' title='bbox 1171 2553 1367 2638; x_wconf 88' lang='lat' dir='ltr'>relicuosque</span> 
     </span>
     <span class='ocr_line' id='line_1_22' title="bbox 153 2667 1367 2760; baseline -0.003 -26"><span class='ocrx_word' id='word_1_169' title='bbox 153 2669 250 2734; x_wconf 78' lang='lat' dir='ltr'>italos</span> <span class='ocrx_word' id='word_1_170' title='bbox 270 2668 317 2732; x_wconf 92' lang='lat' dir='ltr'>illi</span> <span class='ocrx_word' id='word_1_171' title='bbox 337 2690 414 2755; x_wconf 87' lang='lat' dir='ltr'>sono</span> <span class='ocrx_word' id='word_1_172' title='bbox 435 2668 588 2760; x_wconf 86' lang='lat' dir='ltr'>serviebat</span> <span class='ocrx_word' id='word_1_173' title='bbox 607 2667 670 2731; x_wconf 88' lang='lat' dir='ltr'>iam</span> <span class='ocrx_word' id='word_1_174' title='bbox 691 2668 766 2732; x_wconf 93' lang='lat' dir='ltr'>olim</span> <span class='ocrx_word' id='word_1_175' title='bbox 786 2675 972 2731; x_wconf 87' lang='lat' dir='ltr'>commutata</span> <span class='ocrx_word' id='word_1_176' title='bbox 991 2668 1213 2751; x_wconf 85' lang='lat' dir='ltr'>significatione</span> <span class='ocrx_word' id='word_1_177' title='bbox 1232 2667 1367 2733; x_wconf 91' lang='lat' dir='ltr'>Romani</span> 
     </span>
     <span class='ocr_line' id='line_1_23' title="bbox 153 2780 1368 2874; baseline -0.002 -26"><span class='ocrx_word' id='word_1_178' title='bbox 153 2783 356 2869; x_wconf 89' lang='lat' dir='ltr'>recepissent,</span> <span class='ocrx_word' id='word_1_179' title='bbox 385 2781 657 2868; x_wconf 90' lang='lat' dir='ltr'>prudentissimum</span> <span class='ocrx_word' id='word_1_180' title='bbox 684 2780 800 2846; x_wconf 82' lang='lat' dir='ltr'>Caesar</span> <span class='ocrx_word' id='word_1_181' title='bbox 827 2781 888 2845; x_wconf 91' lang='lat' dir='ltr'>hoc</span> <span class='ocrx_word' id='word_1_182' title='bbox 915 2781 1076 2846; x_wconf 86' lang='lat' dir='ltr'>consilium</span> <span class='ocrx_word' id='word_1_183' title='bbox 1103 2789 1225 2846; x_wconf 85' lang='lat' dir='ltr'>secutus</span> <span class='ocrx_word' id='word_1_184' title='bbox 1260 2791 1368 2874; x_wconf 88' lang='lat' dir='ltr'>estut</span> 
     </span>
     <span class='ocr_line' id='line_1_24' title="bbox 153 2894 1366 2982; baseline -0.001 -20"><span class='ocrx_word' id='word_1_185' title='bbox 153 2898 308 2963; x_wconf 87' lang='lat' dir='ltr'>inversam</span> <span class='ocrx_word' id='word_1_186' title='bbox 328 2896 357 2962; x_wconf 85' lang='lat' dir='ltr'><strong>F</strong></span> <span class='ocrx_word' id='word_1_187' title='bbox 377 2896 545 2960; x_wconf 84' lang='lat' dir='ltr'>induceret</span> <span class='ocrx_word' id='word_1_188' title='bbox 576 2894 681 2974; x_wconf 77' lang='lat' dir='ltr'>Quam</span> <span class='ocrx_word' id='word_1_189' title='bbox 695 2895 903 2973; x_wconf 78' lang='lat' dir='ltr'>Quintilianus</span> <span class='ocrx_word' id='word_1_190' title='bbox 923 2896 1049 2982; x_wconf 89' lang='lat' dir='ltr'>quidem</span> <span class='ocrx_word' id='word_1_191' title='bbox 1061 2897 1225 2961; x_wconf 87' lang='lat' dir='ltr'>Aeolicam</span> <span class='ocrx_word' id='word_1_192' title='bbox 1245 2897 1366 2962; x_wconf 87' lang='lat' dir='ltr'>literam</span> 
     </span>
     <span class='ocr_line' id='line_1_25' title="bbox 153 3010 1366 3102; baseline -0.001 -23"><span class='ocrx_word' id='word_1_193' title='bbox 153 3035 211 3102; x_wconf 88' lang='lat' dir='ltr'>per</span> <span class='ocrx_word' id='word_1_194' title='bbox 231 3011 398 3098; x_wconf 90' lang='lat' dir='ltr'>eloquendi</span> <span class='ocrx_word' id='word_1_195' title='bbox 419 3011 579 3076; x_wconf 88' lang='lat' dir='ltr'>circuitum</span> <span class='ocrx_word' id='word_1_196' title='bbox 600 3011 735 3093; x_wconf 78' lang='lat' dir='ltr'>vocavit,</span> <span class='ocrx_word' id='word_1_197' title='bbox 763 3032 872 3076; x_wconf 87' lang='lat' dir='ltr'>verum</span> <span class='ocrx_word' id='word_1_198' title='bbox 897 3010 1053 3096; x_wconf 81' lang='lat' dir='ltr'>&#39;digamma</span> <span class='ocrx_word' id='word_1_199' title='bbox 1081 3013 1266 3100; x_wconf 84' lang='lat' dir='ltr'>appellatam</span> <span class='ocrx_word' id='word_1_200' title='bbox 1299 3032 1366 3078; x_wconf 89' lang='lat' dir='ltr'>esse</span> 
     </span>
     <span class='ocr_line' id='line_1_26' title="bbox 155 3124 1367 3216; baseline -0.002 -23"><span class='ocrx_word' id='word_1_201' title='bbox 155 3128 268 3193; x_wconf 90' lang='lat' dir='ltr'>diserte</span> <span class='ocrx_word' id='word_1_202' title='bbox 288 3126 410 3193; x_wconf 84' lang='lat' dir='ltr'>Gellius</span> <span class='ocrx_word' id='word_1_203' title='bbox 431 3125 573 3189; x_wconf 81' lang='lat' dir='ltr'>affirmat</span> <span class='ocrx_word' id='word_1_204' title='bbox 616 3124 655 3188; x_wconf 91' lang='lat' dir='ltr'>In</span> <span class='ocrx_word' id='word_1_205' title='bbox 676 3135 835 3212; x_wconf 85' lang='lat' dir='ltr'>posterum</span> <span class='ocrx_word' id='word_1_206' title='bbox 862 3126 957 3211; x_wconf 81' lang='lat' dir='ltr'>igitur</span> <span class='ocrx_word' id='word_1_207' title='bbox 977 3128 1084 3192; x_wconf 81' lang='lat' dir='ltr'>doctos</span> <span class='ocrx_word' id='word_1_208' title='bbox 1105 3128 1189 3193; x_wconf 83' lang='lat' dir='ltr'>viros</span> <span class='ocrx_word' id='word_1_209' title='bbox 1208 3149 1367 3216; x_wconf 90' lang='lat' dir='ltr'>speramus</span> 
     </span>
     <span class='ocr_line' id='line_1_27' title="bbox 154 3238 1367 3327; baseline -0.002 -20"><span class='ocrx_word' id='word_1_210' title='bbox 154 3243 223 3307; x_wconf 81' lang='lat' dir='ltr'>fore</span> <span class='ocrx_word' id='word_1_211' title='bbox 243 3241 407 3306; x_wconf 88' lang='lat' dir='ltr'>destituros</span> <span class='ocrx_word' id='word_1_212' title='bbox 434 3238 591 3326; x_wconf 81' lang='lat' dir='ltr'>digamma</span> <span class='ocrx_word' id='word_1_213' title='bbox 619 3262 768 3327; x_wconf 82' lang='lat' dir='ltr'>usmpare</span> <span class='ocrx_word' id='word_1_214' title='bbox 788 3241 970 3322; x_wconf 89' lang='lat' dir='ltr'>Aeolicum,</span> <span class='ocrx_word' id='word_1_215' title='bbox 999 3242 1086 3327; x_wconf 89' lang='lat' dir='ltr'>quod</span> <span class='ocrx_word' id='word_1_216' title='bbox 1111 3265 1228 3307; x_wconf 89' lang='lat' dir='ltr'>nomen</span> <span class='ocrx_word' id='word_1_217' title='bbox 1254 3253 1285 3306; x_wconf 87' lang='lat' dir='ltr'>et</span> <span class='ocrx_word' id='word_1_218' title='bbox 1310 3262 1367 3327; x_wconf 87' lang='lat' dir='ltr'>per</span> 
     </span>
     <span class='ocr_line' id='line_1_28' title="bbox 155 3355 1365 3441; baseline -0.004 -21"><span class='ocrx_word' id='word_1_219' title='bbox 155 3378 189 3420; x_wconf 87' lang='lat' dir='ltr'>se</span> <span class='ocrx_word' id='word_1_220' title='bbox 208 3356 321 3421; x_wconf 87' lang='lat' dir='ltr'>falsum</span> <span class='ocrx_word' id='word_1_221' title='bbox 340 3365 387 3421; x_wconf 87' lang='lat' dir='ltr'>est</span> <span class='ocrx_word' id='word_1_222' title='bbox 406 3377 508 3441; x_wconf 88' lang='lat' dir='ltr'>neque</span> <span class='ocrx_word' id='word_1_223' title='bbox 527 3355 710 3420; x_wconf 88' lang='lat' dir='ltr'>auctoritate</span> <span class='ocrx_word' id='word_1_224' title='bbox 726 3356 854 3420; x_wconf 87' lang='lat' dir='ltr'>fulcitur</span> <span class='ocrx_word' id='word_1_225' title='bbox 872 3355 933 3421; x_wconf 87' lang='lat' dir='ltr'>nisi</span> <span class='ocrx_word' id='word_1_226' title='bbox 951 3356 996 3422; x_wconf 90' lang='grc' dir='ltr'>Μ.</span> <span class='ocrx_word' id='word_1_227' title='bbox 1018 3357 1138 3422; x_wconf 87' lang='lat' dir='ltr'>Valerii</span> <span class='ocrx_word' id='word_1_228' title='bbox 1156 3356 1253 3421; x_wconf 87' lang='lat' dir='ltr'>Probi</span> <span class='ocrx_word' id='word_1_229' title='bbox 1273 3374 1365 3438; x_wconf 88' lang='lat' dir='ltr'>quem</span> 
     </span>
     <span class='ocr_line' id='line_1_29' title="bbox 156 3465 1363 3558; baseline -0.007 -21"><span class='ocrx_word' id='word_1_230' title='bbox 156 3473 261 3537; x_wconf 90' lang='lat' dir='ltr'>dicunt</span> <span class='ocrx_word' id='word_1_231' title='bbox 288 3473 345 3538; x_wconf 85' lang='lat' dir='ltr'>‘de</span> <span class='ocrx_word' id='word_1_232' title='bbox 374 3471 469 3536; x_wconf 89' lang='lat' dir='ltr'>notis’</span> <span class='ocrx_word' id='word_1_233' title='bbox 495 3493 568 3556; x_wconf 84' lang='lat' dir='ltr'>pag.</span> <span class='ocrx_word' id='word_1_234' title='bbox 598 3469 678 3536; x_wconf 74' lang='lat'>1507</span> <span class='ocrx_word' id='word_1_235' title='bbox 714 3471 861 3536; x_wconf 87' lang='lat' dir='ltr'>Putsch..</span> <span class='ocrx_word' id='word_1_236' title='bbox 884 3471 928 3542; x_wconf 74' lang='lat' dir='ltr'>‘d</span> <span class='ocrx_word' id='word_1_237' title='bbox 943 3495 1016 3558; x_wconf 87' lang='lat' dir='ltr'>pro</span> <span class='ocrx_word' id='word_1_238' title='bbox 1031 3470 1068 3535; x_wconf 64' lang='lat' dir='ltr'>‘V</span> <span class='ocrx_word' id='word_1_239' title='bbox 1090 3519 1098 3535; x_wconf 85' lang='lat'><strong>.</strong></span> <span class='ocrx_word' id='word_1_240' title='bbox 1121 3479 1155 3535; x_wconf 90' lang='lat' dir='ltr'>ut</span> <span class='ocrx_word' id='word_1_241' title='bbox 1176 3465 1363 3535; x_wconf 74' lang='lat' dir='ltr'>snfflVS.</span> 
     </span>
     <span class='ocr_line' id='line_1_30' title="bbox 156 3582 1366 3674; baseline -0.007 -22"><span class='ocrx_word' id='word_1_242' title='bbox 156 3585 334 3654; x_wconf 75' lang='lat' dir='ltr'>nVLGVS</span> <span class='ocrx_word' id='word_1_243' title='bbox 361 3634 369 3648; x_wconf 85' lang='lat'><strong>.</strong></span> <span class='ocrx_word' id='word_1_244' title='bbox 400 3584 524 3651; x_wconf 62' lang='grc' dir='ltr'>ΜΤ</span> <span class='ocrx_word' id='word_1_245' title='bbox 551 3633 559 3647; x_wconf 89' lang='lat'><strong>.</strong></span> <span class='ocrx_word' id='word_1_246' title='bbox 581 3607 639 3672; x_wconf 88' lang='lat' dir='ltr'>pro</span> <span class='ocrx_word' id='word_1_247' title='bbox 667 3607 776 3650; x_wconf 88' lang='lat' dir='ltr'>servus</span> <span class='ocrx_word' id='word_1_248' title='bbox 803 3587 953 3674; x_wconf 79' lang='lat' dir='ltr'>.&#39;vulgus</span> <span class='ocrx_word' id='word_1_249' title='bbox 981 3634 988 3649; x_wconf 95' lang='lat'><strong>.</strong></span> <span class='ocrx_word' id='word_1_250' title='bbox 1017 3585 1096 3650; x_wconf 80' lang='lat' dir='ltr'>vixit</span> <span class='ocrx_word' id='word_1_251' title='bbox 1122 3630 1130 3646; x_wconf 85' lang='lat'><strong>.</strong></span> <span class='ocrx_word' id='word_1_252' title='bbox 1159 3591 1189 3647; x_wconf 90' lang='lat' dir='ltr'>et</span> <span class='ocrx_word' id='word_1_253' title='bbox 1209 3582 1366 3668; x_wconf 84' lang='lat' dir='ltr'>digamma</span> 
     </span>
     <span class='ocr_line' id='line_1_31' title="bbox 155 3697 1364 3788; baseline -0.007 -21"><span class='ocrx_word' id='word_1_254' title='bbox 155 3703 323 3771; x_wconf 90' lang='lat' dir='ltr'>Aeolicum</span> <span class='ocrx_word' id='word_1_255' title='bbox 343 3700 530 3788; x_wconf 88' lang='lat' dir='ltr'>appellatur‘</span> <span class='ocrx_word' id='word_1_256' title='bbox 553 3709 583 3764; x_wconf 88' lang='lat' dir='ltr'>et</span> <span class='ocrx_word' id='word_1_257' title='bbox 602 3700 687 3764; x_wconf 89' lang='lat' dir='ltr'>Petri</span> <span class='ocrx_word' id='word_1_258' title='bbox 710 3701 831 3767; x_wconf 85' lang='lat' dir='ltr'>diaconi</span> <span class='ocrx_word' id='word_1_259' title='bbox 851 3705 962 3766; x_wconf 83' lang='lat' dir='ltr'>‘notae</span> <span class='ocrx_word' id='word_1_260' title='bbox 980 3698 1151 3764; x_wconf 86' lang='lat' dir='ltr'>literarum’</span> <span class='ocrx_word' id='word_1_261' title='bbox 1171 3720 1201 3783; x_wconf 91' lang='lat' dir='ltr'>p.</span> <span class='ocrx_word' id='word_1_262' title='bbox 1225 3699 1305 3762; x_wconf 76' lang='lat'>1587</span> <span class='ocrx_word' id='word_1_263' title='bbox 1328 3697 1364 3760; x_wconf 92' lang='grc' dir='ltr'>Ρ.</span> 
     </span>
     <span class='ocr_line' id='line_1_32' title="bbox 157 3809 1365 3911; baseline -0.005 -30"><span class='ocrx_word' id='word_1_264' title='bbox 157 3818 252 3882; x_wconf 84' lang='lat' dir='ltr'>‘Item</span> <span class='ocrx_word' id='word_1_265' title='bbox 277 3817 436 3902; x_wconf 80' lang='lat' dir='ltr'>digamma</span> <span class='ocrx_word' id='word_1_266' title='bbox 460 3816 626 3880; x_wconf 89' lang='lat' dir='ltr'>Aeolicum</span> <span class='ocrx_word' id='word_1_267' title='bbox 648 3815 691 3898; x_wconf 76' lang='lat' dir='ltr'>u,</span> <span class='ocrx_word' id='word_1_268' title='bbox 719 3827 753 3911; x_wconf 86' lang='lat' dir='ltr'>ut</span> <span class='ocrx_word' id='word_1_269' title='bbox 779 3818 813 3882; x_wconf 90' lang='lat' dir='ltr'>in</span> <span class='ocrx_word' id='word_1_270' title='bbox 827 3812 1118 3902; x_wconf 68' lang='lat' dir='ltr'>⁴multis..sep&#39;ulcris</span> <span class='ocrx_word' id='word_1_271' title='bbox 1142 3859 1150 3874; x_wconf 85' lang='lat'><strong>.</strong></span> <span class='ocrx_word' id='word_1_272' title='bbox 1173 3809 1365 3878; x_wconf 78' lang='lat' dir='ltr'>SERuVS.</span> 
     </span>
     <span class='ocr_line' id='line_1_33' title="bbox 157 3929 1366 4009; baseline -0.008 -9"><span class='ocrx_word' id='word_1_273' title='bbox 157 3929 701 4009; x_wconf 74' lang='lat' dir='ltr'>nVLGVS.uALE.u1X1T.’</span> <span class='ocrx_word' id='word_1_274' title='bbox 749 3930 816 3998; x_wconf 81' lang='lat' dir='ltr'>Sed</span> <span class='ocrx_word' id='word_1_275' title='bbox 841 3931 937 3996; x_wconf 87' lang='lat' dir='ltr'>fidem</span> <span class='ocrx_word' id='word_1_276' title='bbox 961 3929 1012 3995; x_wconf 84' lang='lat' dir='ltr'>his</span> <span class='ocrx_word' id='word_1_277' title='bbox 1040 3937 1185 3992; x_wconf 87' lang='lat' dir='ltr'>notarum</span> <span class='ocrx_word' id='word_1_278' title='bbox 1212 3950 1366 3993; x_wconf 93' lang='lat' dir='ltr'>commen-</span> 
     </span>
     <span class='ocr_line' id='line_1_34' title="bbox 157 4043 1367 4135; baseline -0.003 -23"><span class='ocrx_word' id='word_1_279' title='bbox 157 4049 241 4113; x_wconf 88' lang='lat' dir='ltr'>tariis</span> <span class='ocrx_word' id='word_1_280' title='bbox 261 4056 425 4135; x_wconf 90' lang='lat' dir='ltr'>propterea</span> <span class='ocrx_word' id='word_1_281' title='bbox 445 4046 634 4132; x_wconf 84' lang='lat' dir='ltr'>denegamus</span> <span class='ocrx_word' id='word_1_282' title='bbox 656 4045 741 4132; x_wconf 89' lang='lat' dir='ltr'>quod</span> <span class='ocrx_word' id='word_1_283' title='bbox 761 4043 984 4112; x_wconf 82' lang='lat' dir='ltr'>Mommsenius</span> <span class='ocrx_word' id='word_1_284' title='bbox 1012 4063 1111 4130; x_wconf 91' lang='lat' dir='ltr'>nuper</span> <span class='ocrx_word' id='word_1_285' title='bbox 1136 4043 1367 4131; x_wconf 69' lang='lat' dir='ltr'>crinscriptio-</span> 
     </span>
     <span class='ocr_line' id='line_1_35' title="bbox 158 4158 1366 4245; baseline -0.005 -17"><span class='ocrx_word' id='word_1_286' title='bbox 158 4165 248 4229; x_wconf 91' lang='lat' dir='ltr'>nibus</span> <span class='ocrx_word' id='word_1_287' title='bbox 275 4162 393 4226; x_wconf 88' lang='lat' dir='ltr'>Latinis</span> <span class='ocrx_word' id='word_1_288' title='bbox 420 4161 564 4226; x_wconf 86' lang='lat' dir='ltr'>collectos</span> <span class='ocrx_word' id='word_1_289' title='bbox 593 4162 633 4226; x_wconf 88' lang='lat' dir='ltr'>ab</span> <span class='ocrx_word' id='word_1_290' title='bbox 660 4161 704 4228; x_wconf 79' lang='lat' dir='ltr'>eis.</span> <span class='ocrx_word' id='word_1_291' title='bbox 731 4182 799 4225; x_wconf 84' lang='lat' dir='ltr'>esso</span> <span class='ocrx_word' id='word_1_292' title='bbox 821 4158 1040 4224; x_wconf 84' lang='lat' dir='ltr'>demonstravit</span> <span class='ocrx_word' id='word_1_293' title='bbox 1068 4159 1121 4245; x_wconf 93' lang='lat' dir='ltr'>qui</span> <span class='ocrx_word' id='word_1_294' title='bbox 1146 4180 1204 4245; x_wconf 90' lang='lat' dir='ltr'>per</span> <span class='ocrx_word' id='word_1_295' title='bbox 1224 4159 1366 4223; x_wconf 89' lang='lat' dir='ltr'>medium</span> 
     </span>
     <span class='ocr_line' id='line_1_36' title="bbox 159 4275 954 4364; baseline -0.01 -21"><span class='ocrx_word' id='word_1_296' title='bbox 159 4277 490 4364; x_wconf 79' lang='lat' dir='ltr'>aevumcpigraphica</span> <span class='ocrx_word' id='word_1_297' title='bbox 508 4278 609 4340; x_wconf 89' lang='lat' dir='ltr'>studia</span> <span class='ocrx_word' id='word_1_298' title='bbox 629 4275 822 4341; x_wconf 76' lang='lat' dir='ltr'>exercebant</span> <span class='ocrx_word' id='word_1_299' title='bbox 951 4354 954 4360; x_wconf 18' lang='grc' dir='ltr'><strong>Δ</strong></span> 
     </span>
    </p>

    <p class='ocr_par' dir='ltr' id='par_1_8' title="bbox 151 4388 1368 4593">
     <span class='ocr_line' id='line_1_37' title="bbox 151 4388 1367 4476; baseline -0.004 -19"><span class='ocrx_word' id='word_1_300' title='bbox 151 4436 154 4441; x_wconf 88' lang='lat'><em>-</em></span> <span class='ocrx_word' id='word_1_301' title='bbox 242 4392 338 4470; x_wconf 79' lang='lat' dir='ltr'>Quali</span> <span class='ocrx_word' id='word_1_302' title='bbox 355 4391 504 4459; x_wconf 75' lang='lat' dir='ltr'>Claudius</span> <span class='ocrx_word' id='word_1_303' title='bbox 524 4393 627 4455; x_wconf 88' lang='lat' dir='ltr'>forma</span> <span class='ocrx_word' id='word_1_304' title='bbox 647 4390 803 4476; x_wconf 83' lang='lat' dir='ltr'>digamma</span> <span class='ocrx_word' id='word_1_305' title='bbox 830 4388 1072 4471; x_wconf 79' lang='lat' dir='ltr'>tinxerit,.hacc</span> <span class='ocrx_word' id='word_1_306' title='bbox 1093 4389 1231 4475; x_wconf 85' lang='lat' dir='ltr'>quaestio</span> <span class='ocrx_word' id='word_1_307' title='bbox 1251 4397 1367 4475; x_wconf 86' lang='lat' dir='ltr'>quanto</span> 
     </span>
     <span class='ocr_line' id='line_1_38' title="bbox 159 4504 1368 4593; baseline -0.006 -21"><span class='ocrx_word' id='word_1_308' title='bbox 159 4507 303 4573; x_wconf 90' lang='lat' dir='ltr'>adhunc</span> <span class='ocrx_word' id='word_1_309' title='bbox 330 4529 427 4593; x_wconf 88' lang='lat' dir='ltr'>usque</span> <span class='ocrx_word' id='word_1_310' title='bbox 455 4507 537 4572; x_wconf 91' lang='lat' dir='ltr'>diem</span> <span class='ocrx_word' id='word_1_311' title='bbox 563 4505 596 4568; x_wconf 90' lang='lat' dir='ltr'>in</span> <span class='ocrx_word' id='word_1_312' title='bbox 624 4525 730 4570; x_wconf 90' lang='lat' dir='ltr'>errore</span> <span class='ocrx_word' id='word_1_313' title='bbox 756 4515 877 4568; x_wconf 88' lang='lat' dir='ltr'>versata</span> <span class='ocrx_word' id='word_1_314' title='bbox 905 4505 944 4568; x_wconf 90' lang='lat' dir='ltr'>sit</span> <span class='ocrx_word' id='word_1_315' title='bbox 972 4506 1045 4571; x_wconf 90' lang='lat' dir='ltr'>inde</span> <span class='ocrx_word' id='word_1_316' title='bbox 1075 4504 1190 4585; x_wconf 88' lang='lat' dir='ltr'>elucet,</span> <span class='ocrx_word' id='word_1_317' title='bbox 1217 4504 1299 4589; x_wconf 92' lang='lat' dir='ltr'>quod</span> <span class='ocrx_word' id='word_1_318' title='bbox 1326 4523 1368 4566; x_wconf 84' lang='lat' dir='ltr'>cx</span> 
     </span>
    </p>
   </div>
   <div class='ocr_carea' id='block_1_6' title="bbox 0 0 1462 5122">
    <p class='ocr_par' dir='ltr' id='par_1_9' title="bbox 0 0 1462 5122">
     <span class='ocr_line' id='line_1_39' title="bbox 0 0 1462 5122; baseline 0 0"><span class='ocrx_word' id='word_1_319' title='bbox 0 0 1462 5122; x_wconf 95' lang='lat' dir='ltr'> </span> 
     </span>
    </p>
   </div>
  </div>
 </body>
</html>
