2902 5122
698 258 739 330 11

587 348 844 359 -—=—--

109 497 178 540 cum
198 474 411 562 inscriptiones
430 482 461 538 et
487 472 594 559 optimi
621 472 735 558 quique
763 471 885 537 codices
912 471 1095 537 tradiderint
1114 480 1180 539 tam
1202 480 1322 537 veteres

108 589 302 676 g1ammatici
323 589 408 654 velut
430 586 555 662 Curtius
572 586 757 653 Valerianus
777 587 862 674 apud
884 585 1116 654 Cassiodorium
1135 608 1165 672 p.
1180 587 1264 653 2289
1284 586 1320 653 Ρ.

108 713 341 792 praeceperunt.
382 703 473 768 Haec
495 703 534 768 de
554 702 635 767 Bet
656 699 682 769 S
702 704 735 766 in
764 703 870 768 eadem
892 702 1016 788 syllaba
1035 701 1229 778 coniunctis.
1259 700 1323 770 Sed

110 842 147 885 eo
175 819 442 906 progrediundum
469 827 516 883 est
542 828 577 882 ut
602 819 707 884 omnia
733 819 829 884 verba
854 819 886 883 in
914 817 1025 902 quibus
1046 817 1074 882 B
1095 825 1125 882 et
1146 813 1170 882 S
1190 817 1271 882 inter
1291 840 1324 883 se

110 935 275 1001 cohaerent
302 933 466 1019 antisigma
495 933 586 997 litera
612 930 779 998 Claudium
804 931 897 997 scribi
928 932 1063 999 voluisse
1091 932 1322 998 contendamus.

109 1050 194 1115 Nam
214 1072 285 1114 cum
306 1049 416 1114 eodem
436 1049 521 1113 vocis
542 1070 619 1112 sono
640 1045 695 1113 BS
718 1057 749 1112 et
767 1046 820 1114 PS
841 1047 1115 1135 pronuntiarentur
1127 1048 1180 1131 (cf.
1196 1044 1332 1114 Schnei.

110 1166 204 1231 derue
224 1188 255 1251 p.
274 1164 350 1256 218)
377 1165 564 1229 factumest
597 1171 631 1228 ut
658 1166 785 1250 ‘apsens
815 1163 997 1250 opsequium
1025 1162 1173 1250 supsisto’
1207 1164 1326 1228 formae

109 1290 229 1345 tantum
256 1301 320 1346 non
348 1279 477 1366 perinde
502 1287 594 1364 atque
623 1278 766 1343 ‘absens'
796 1287 853 1343 cet
880 1279 977 1343 moris
1003 1288 1111 1344 essent.
1157 1278 1229 1344 Iam
1252 1300 1325 1344 vero

110 1397 183 1461 illae
209 1397 236 1460 si
252 1396 428 1481 ¹antisigma
461 1395 550 1460 litera
582 1393 850 1480 exprimebantur,
883 1393 917 1458 id
948 1395 1034 1480 quod
1067 1416 1158 1460 nemo
1190 1393 1326 1481 negabit,

111 1534 216 1578 nonne
236 1511 328 1576 etiam
348 1511 477 1575 ‘absens
498 1508 680 1594 obsequium
702 1508 849 1574 subsisto’
871 1511 978 1574 ceteris
995 1510 1153 1575 vocabulis
1170 1531 1250 1596 quas
1270 1532 1328 1596 per

111 1629 140 1692 B
161 1635 192 1692 et
212 1625 238 1693 S
259 1626 437 1690 scribuntur
457 1623 600 1688 omnibus
621 1623 785 1708 antisigma
805 1624 977 1689 adhibitum
999 1647 1066 1691 esse
1085 1647 1143 1711 per
1163 1647 1196 1692 se
1217 1625 1327 1690 intelli-

111 1742 221 1830 gitur?
264 1741 372 1819 Quare
391 1761 432 1804 ne
452 1739 660 1803 necessarium
679 1738 804 1823 quidem
826 1748 871 1804 est
896 1739 937 1804 ad
957 1740 1136 1828 exemplum
1157 1741 1242 1827 quod
1262 1741 1328 1804 imi·

112 1868 192 1922 tatus
215 1857 330 1924 Caesar
358 1866 405 1920 est
431 1854 627 1921 Graecorum
647 1874 819 1940 provocare
839 1855 892 1940 qui
919 1860 955 1915 Ψ
976 1865 1051 1922 ncta
1079 1866 1110 1921 et
1134 1856 1196 1922 BC
1215 1866 1245 1923 et
1266 1857 1330 1922 ΠΟ

112 1996 206 2038 sonos
228 1972 435 2037 declarabant

195 2085 235 2150 In
263 2084 306 2150 eis
337 2107 418 2170 quae
445 2107 540 2170 supra
567 2083 634 2148 dixi
659 2085 825 2170 antisigma
851 2086 979 2151 alteram
1005 2086 1127 2151 literam
1156 2088 1329 2155 aClaudio

113 2202 320 2287 excogitatam
339 2200 496 2287 appellare
516 2222 581 2265 non
598 2200 751 2281 dubitavi,
773 2223 961 2285 quamquam
983 2211 1013 2267 et
1033 2202 1073 2267 de
1094 2205 1220 2269 nomine
1238 2214 1270 2270 et
1289 2205 1331 2270 de

113 2319 217 2404 figura
237 2316 323 2406 (nam
342 2316 421 2379 haec
440 2315 474 2383 in
494 2337 589 2380 unam
612 2315 855 2402 disquisitionem
881 2320 1080 2404 concurrunt)
1108 2318 1257 2384 dissensio
1277 2342 1330 2384 ex-

114 2441 183 2498 orta
204 2441 257 2497 est.
288 2429 535 2515 Schneiderus1)
558 2431 640 2496 enim
661 2454 691 2518 p.
706 2433 727 2496 5
741 2441 804 2495 not.
825 2432 908 2518 apud
921 2432 1116 2499 Priscianum
1136 2434 1330 2521 ‘antisigma'

113 2548 278 2613 lectionem
305 2554 427 2610 secutus
458 2544 502 2608 sic
525 2545 723 2609 scribendum
759 2569 827 2611 esse
854 2547 984 2612 coniecit
1009 2550 1190 2635 ‘antisigma
1217 2549 1244 2616 O
1272 2551 1332 2615 hac

113 2663 231 2748 figma'
252 2659 280 2725 O
301 2659 429 2738 notain
450 2655 502 2725 00
520 2659 603 2746 signi
623 2660 726 2725 locum
745 2661 909 2726 substituta
932 2663 1003 2747 quia
1024 2661 1077 2729 OO
1096 2665 1187 2728 facile
1207 2687 1278 2729 cum
1299 2665 1333 2730 X

115 2778 205 2843 litera
225 2775 467 2841 confunderetur
493 2785 539 2856 et,
566 2775 652 2861 quod
678 2785 726 2840 est
751 2767 848 2840 maius
872 2776 1005 2862 aliquid,
1034 2779 1094 2843 hae
1121 2778 1149 2846 Ο
1170 2781 1273 2866 figura
1292 2783 1332 2847 ab

117 2873 240 2958 Isidoro
260 2891 339 2976 orig.
362 2891 381 2955 Ι
402 2891 459 2972 20,
482 2892 520 2954 11
543 2891 673 2978 aliisque
694 2891 877 2958 doceremur
897 2893 1061 2979 antisigma
1088 2897 1171 2982 apud
1192 2896 1333 2963 Graecos

116 3008 226 3088 fuisse,
255 3006 339 3091 quod
367 3028 423 3069 cur
451 3005 600 3071 Claudius
622 3015 755 3071 mutaret
782 3007 900 3071 nullam
922 3009 1017 3074 fuisse
1042 3032 1191 3075 caussam.
1233 3011 1293 3076 His
1314 3035 1334 3075 a

116 3121 311 3190 Schneidero
338 3121 372 3184 in
400 3120 650 3185 adnotatiuncula
679 3122 882 3187 verecundius
916 3125 1081 3211 propositis
1106 3125 1256 3192 Krehlius
1283 3126 1332 3191 ed.
1424 3168 1431 3185 .

15 3248 19 3254 “
117 3237 268 3304 Priscian.
285 3237 325 3302 -H
346 3237 428 3301 anal.
448 3260 478 3323 p.
502 3238 565 3302 510
587 3245 664 3300 extr.
695 3246 726 3301 et
751 3236 883 3324 Ephem.
910 3239 955 3303 lit
977 3239 1061 3326 Lips.
1084 3241 1164 3304 1821
1187 3264 1218 3305 n.
1241 3242 1282 3306 62
1303 3263 1333 3327 p.

117 3355 181 3419 496
201 3354 245 3417 ita
258 3352 452 3439 repugnabat
465 3360 500 3416 ut
520 3352 713 3437 ‘antisigma'
736 3353 921 3418 vocabulum
938 3355 1022 3440 quod
1035 3355 1068 3418 in
1082 3355 1168 3420 nullo
1183 3355 1335 3421 librorum

118 3492 139 3533 a
158 3491 192 3534 se
210 3469 396 3534 collatorum
422 3468 579 3552 legeretur
604 3467 756 3532 editorum
790 3489 895 3533 errore
922 3468 955 3532 in
985 3468 1136 3535 Prisciani
1164 3470 1336 3537 orationem

120 3584 251 3650 inlatum
271 3604 339 3648 esse
357 3583 562 3648 adseveraret.
604 3582 677 3668 Ipse
701 3593 804 3648 autem
824 3557 866 3648 ex
890 3586 1048 3650 ‘antisima
1074 3586 1232 3651 antissima
1259 3586 1336 3651 anti-

120 3701 244 3764 simma’
266 3699 449 3765 lectionibus
468 3699 551 3762 hanc
572 3699 744 3784 expiscatus
772 3709 818 3764 est
843 3697 984 3779 ἀντίσιμα
1005 3723 1068 3787 quo
1089 3703 1186 3768 verbo
1207 3724 1247 3769 ex
1267 3700 1337 3764 ἀντί

120 3823 152 3878 et
172 3809 259 3893 σιμός
274 3815 431 3879 vocabulis
450 3814 618 3900 composito
633 3815 765 3900 intelligi
782 3816 848 3880 vult
861 3816 1069 3881 ‘characteres
1084 3819 1206 3884 lunatos
1219 3816 1336 3884 aversis

120 3930 266 3994 cornibus
294 3931 498 4018 compositos!
539 3930 643 4016 itaque
671 3927 726 3996 OO
746 3931 880 4016 figuram
909 3932 974 3996 sive
1001 3930 1047 3999 (Ὀ
1076 3933 1336 4018 Heidelbergensi

121 4068 178 4111 suo
200 4045 306 4110 codiee
327 4045 471 4109 traditam
491 4055 640 4131 tanquam
661 4067 768 4111 veram
788 4046 933 4111 defendit.
976 4049 1023 4113 At
1043 4057 1150 4112 contra
1169 4048 1337 4113 Kiehlimn

167 4226 187 4288 ¹)
206 4232 287 4279 Multo
306 4236 363 4278 ante
382 4231 559 4280 Schneiderum
577 4246 631 4280 eam
649 4232 815 4280 coniecturam
833 4232 994 4282 Boudelotius
1013 4234 1044 4282 da
1060 4235 1163 4282 Dairval
1181 4241 1337 4296 praeceperat

136 4309 138 4314 .
208 4332 235 4378 in
259 4331 322 4379 libro
351 4329 395 4379 ‘de
418 4330 519 4381 l‘utnits
541 4331 584 4380 des
606 4333 723 4395 voyages'
749 4347 798 4395 quo
821 4349 865 4396 per
886 4335 1002 4382 Iahnium
1028 4336 1067 4383 uti
1091 4335 1152 4382 mihi
1181 4334 1253 4382 licuit
1276 4338 1336 4382 torn.

208 4431 232 4478 Π
249 4446 275 4492 p.
294 4430 343 4481 134
362 4431 666 4496 (ed.R0s0mag.1r27)‚
688 4434 732 4482 ubi
756 4440 853 4497 practer
876 4436 962 4500 inepta
985 4438 1065 4484 multa
1083 4450 1145 4498 quac
1164 4438 1251 4485 referre
1268 4435 1337 4498 piget

208 4546 287 4582 unum
304 4533 351 4582 hoc
368 4533 488 4597 reperitur
505 4547 597 4583 varum.
