2902 5122
691 286 734 360 15

107 506 209 570 statuit
231 497 334 568 nolam
357 502 522 569 Claudium
544 502 698 565 invenisse
720 523 788 585 qua:
806 505 844 560 Ψ
861 499 1162 565 vox‘deelararetur.
1198 501 1227 566 E
1248 520 1320 567 con·

104 621 199 684 trario
213 619 277 683 alii
295 619 347 704 qui
369 618 401 680 iu
423 622 458 677 Ψ
475 616 696 680 literaevioem
716 615 913 701 adsumptum
933 615 1099 700 antisigma
1119 634 1186 680 aare
1205 636 1320 702 eogno—

106 744 219 799 verant·
242 729 275 797 X
303 730 409 818 (εΞ)
435 740 582 817 tanquam
610 729 734 793 tertium
769 731 929 792 inventum
956 728 1082 794 Caesari
1118 729 1322 794 adsernerunt

106 849 157 932 (of.
172 847 297 912 '‘Nouu.
318 858 357 910 tr«
378 846 484 933 dipa’).
527 845 672 930 Denique
700 843 893 928 indiligentia
921 865 1029 908 eorum
1057 845 1227 930 levitasque
1254 864 1322 932 per-

107 963 287 1048 stringenda
302 971 348 1027 est
365 962 418 1047 qui
437 980 626 1047 quamquam
639 961 747 1023 tertiae
763 959 870 1022 literae
884 959 930 1022 vis
951 969 981 1022 et
1001 961 1188 1024 naturalem
1205 960 1322 1024 dudum

105 1076 346 1160 patefactaerac
365 1084 472 1140 tamen
491 1096 555 1138 non
576 1075 650 1138 satis
670 1075 709 1139 de
731 1096 768 1138 ea
788 1073 905 1159 liquido
927 1085 1071 1139 oonatare
1091 1076 1322 1139 consuebantur.

109 1210 135 1228 ²
189 1189 357 1276 Indagavit
376 1189 498 1252 tertiam
520 1190 641 1253 literam
663 1189 869 1254 Claudianam
895 1189 1172 1275 primusomnium
1198 1210 1236 1255 ac
1254 1206 1323 1277 per⁴

107 1306 271 1392 vestigavit
291 1305 447 1391 Taylorus
469 1310 623 1369 ‘mandor
644 1302 869 1371 Sandvicensa'
897 1302 1118 1390 Cantabrigiae
1138 1324 1220 1371 anne
1240 1302 1323 1370 1743

107 1430 330 1486 commentatus
352 1443 382 1506 p.
404 1421 463 1508 46,
485 1419 597 1484 deinde
618 1428 689 1506 post
708 1417 834 1503 aliquod
854 1419 1001 1505 temporis
1026 1422 1158 1506 spatium
1180 1416 1222 1486 G.
1245 1420 1323 1486 Bro⁴
1427 1421 1430 1425 ’

105 1539 201 1600 tierus
233 1558 304 1601 oum
337 1537 380 1599 ad·
398 1534 482 1598 Tac.
509 1554 581 1598 ann.
610 1534 662 1598 XI
690 1535 731 1597 14
766 1534 822 1598 ‘de
849 1532 945 1598 literis
973 1556 992 1597 a
1019 1533 1151 1599 Claudio
1176 1533 1323 1600 inventis’

107 1653 265 1718 scriberet·
279 1661 309 1716 et
331 1649 493 1736 Seydertus
513 1671 616 1736 ¹gram.
646 1650 698 1713 lat.
727 1649 795 1735 Ip.
823 1649 878 1730 99,
906 1648 962 1713 suo
990 1659 1025 1712 ut
1051 1645 1173 1714 videtur
1195 1660 1323 1736 uterque

106 1767 221 1831 iudicio
236 1786 323 1846 usus,
342 1767 458 1851 quibus
470 1777 615 1851 quartum
631 1766 784 1850 adiungas
799 1762 1026 1830 Schneiderum
1040 1786 1141 1850 gnam.
1159 1766 1211 1829 lat
1223 1765 1241 1828 I
1255 1789 1286 1852 p.
1303 1769 1324 1830 6

108 1881 161 1966 qui
186 1902 258 1944 cum
274 1881 443 1944 Broticrus
470 1891 508 1946 et·
528 1878 692 1967 Seyiedus
712 1880 851 1945 Velianis
880 1879 983 1944 verbis
1008 1880 1041 1942 in
1070 1901 1208 1944 errorem
1230 1900 1324 1966 quem

107 1995 214 2081 postea
227 1997 538 2060 commemorabimus
552 1996 669 2060 inducti
679 2005 790 2083 essent
803 1995 978 2081 Taylorum
991 1994 1117 2059 omnino
1133 2004 1254 2059 secutus
1270 2005 1322 2060 est.

191 2111 305 2176 Velius¹
321 2111 494 2196 quibusda
513 2112 602 2175 tentio
624 2111 684 2175 hoc
706 2110 830 2175 Claudii
845 2111 977 2183 invento
997 2109 1115 2173 retudit
1129 2110 1226 2174 verba
1241 2111 1323 2198 apud

106 2226 288 2291 Putschium
307 2226 338 2313 p.
359 2226 550 2290 2235-haee‘
567 2231 674 2289 suntzr‘
682 2226 816 2290 Aurifex
842 2227 951 2290 melius
980 2248 1038 2313 per
1066 2226 1084 2288 I
1110 2234 1200 2288 sonat
1230 2245 1325 2310 quam

107 2361 165 2427 per
185 2340 224 2423 V,
246 2351 283 2406 ut
301 2361 460 2429 aucupare
476 2351 507 2406 et
527 2342 692 2428 aucupium
712 2339 789 2405 mihi
809 2341 920 2407 melius
941 2339 1066 2404 ridetur
1084 2361 1196 2404 sonare
1210 2340 1324 2425 perV

107 2478 201 2541 quam
221 2458 335 2544 perd,
363 2467 393 2522 at
413 2457 497 2522 idem
514 2467 617 2520 tamon
638 2455 753 2541 aucipis
780 2455 865 2551 malo
888 2476 982 2540 quam
1002 2445 1144 2542 aucupis,
1165 2456 1238 2540 quia
1261 2455 1324 2519 acio

106 2588 283 2660 sermonem
305 2581 338 2648 et
355 2572 461 2635 decori
481 2572 598 2635 servire
616 2579 649 2634 et
668 2571 790 2633 aurium
805 2571 979 2656 voluptati,
1008 2571 1091 2634 unde
1119 2571 1158 2633 sit
1178 2580 1213 2633 ut
1233 2590 1325 2656 saepe

107 2686 192 2750 aliud
218 2661 403 2768 scribarum,
433 2686 519 2750 aliud
544 2685 755 2766 enuntiemus,
778 2685 857 2748 sicut
883 2706 984 2771 supra>
1004 2685 1246 2749 locustarum«
1273 2685 1324 2748 De

108 2803 175 2866 viro
196 2824 272 2866 vero
294 2802 474 2884 etvirtute,
503 2801 557 2866 ubi
583 2801 602 2864 Ι
630 2801 774 2864 scribitur
790 2809 832 2864 ’ot
858 2799 957 2886 paena
977 2800 1009 2863 V
1029 2800 1220 2881 enuntiatur,
1242 2800 1325 2864 unde

108 2915 157 2978 Ti.
180 2915 330 2980 Claudium
350 2938 465 2981 novam
486 2917 644 3002 quandam
665 2915 790 2980 literam·
806 2916 1010 3001 excogitavit,
1031 2917 1162 2981 similem
1184 2917 1212 2980 ei
1233 2925 1325 2980 notae

109 3049 203 3115 quam
228 3052 286 3117 pro
311 3030 497 3118 aspiratione
513 3029 638 3096 ¹Graeci
664 3032 797 3116 ponunt,
833 3052 890 3116 per
916 3052 1012 3114 quam
1036 3032 1326 3103 scriberenturac

108 3165 208 3209 voees
232 3165 313 3230 quae
343 3165 446 3231 neque
477 3145 648 3209 seeundum
679 3145 985 3212 exilitatem··literaa
1019 3147 1325 3232 neque:>·seaundum

107 3244 355 3345 pinguitudinem
376 3261 483 3324 literae
504 3269 632 3342 sonant,
659 3268 694 3323 ut
720 3260 753 3323 in
779 3261 848 3324 viro
879 3271 910 3325 et
935 3263 1063 3343 vando,
1081 3278 1191 3348 nequo
1214 3279 1324 3326 ‘rursus

107 3374 279 3440 secundum
306 3375 402 3446 latum
432 3376 540 3440 literae
566 3396 679 3440 sonum
707 3367 956 3456 enuntiarentur,
987 3385 1022 3438 ut
1048 3376 1080 3438 in
1094 3396 1146 3442 reo
1173 3377 1264 3462 quod·
1279 3386 1326 3441 est

108 3490 214 3575 legere
234 3490 379 3554 scriberet
421 3489 533 3576 Itaque
548 3490 695 3555 audimus
717 3489 868 3575 quosdam
887 3489 1087 3576 plena-omni
1107 3491 1232 3577 syllaba
1252 3492 1325 3577 quoi

109 3615 139 3669 et
158 3605 233 3668 tibei
246 3624 304 3691 pro
319 3604 374 3669 cui
391 3613 422 3668 at
439 3605 511 3686 tibi,
531 3605 614 3691 quod
629 3605 731 3668 multo
750 3603 1080 3690 vitiosimostpquorn
1099 3606 1126 3669 al
1144 3606 1325 3672 tenuitatem

108 3719 254 3785 Iliterae
275 3719 482 3784 custodirent’
523 3719 613 3784 Haec
641 3719 682 3783 ad
711 3719 905 3784 emendanda
931 3721 1028 3785 verita
1056 3738 1246 3808 quamquam
1267 3738 1324 3787 ms.

108 3833 206 3897 libros
224 3856 422 3920 speraveram
441 3835 518 3898 mihi
540 3855 669 3920 operam
689 3857 780 3899 suam
792 3882 793 3887 η
804 3836 1054 3900 commodaturus
1081 3856 1148 3901 esse
1167 3846 1271 3902 tamon
1292 3839 1325 3909 in

108 3949 152 4013 eis
164 3969 271 4036 prope
290 3949 336 4012 nil
355 3960 422 4015 erat
443 3949 559 4014 auxilii.
589 3949 632 4013 H.
655 3950 738 4014 enim
758 3949 912 4014 Kailiusa
931 3949 986 4014 Fr.
1008 3950 1177 4016 Ritsohelio
1197 3960 1324 4037 rogatus

109 4086 172 4149 qua
190 4074 238 4130 eat
258 4065 449 4130 humanitate
470 4044 633 4131 c'ertiorem
653 4085 704 4129 me
728 4065 801 4130 feeit
821 4067 854 4127 in
875 4065 943 4130 cod.
965 4063 1116 4130 Vaticano
1145 4064 1227 4131 3402
1251 4044 1325 4152 que

109 4199 181 4241 cum
207 4201 272 4243 non
286 4179 391 4244 ¹modo
413 4181 551 4251 ¹alterum
574 4180 735 4266 exemplar
755 4181 942 4246 Vaticanum
965 4183 1075 4246 'macte
1101 4180 1159 4245 sed
1182 4181 1326 4251 universe

108 4294 202 4358 ctiam
226 4293 341 4358 relicua
370 4296 571 4384 exernplaria
586 4305 794 4381 congruerent
820 4295 940 4359 nullam
973 4297 1144 4382 scripturae
1171 4295 1325 4360 cassula

108 4408 298 4493 crepantiam
317 4410 386 4472 nisi
397 4409 478 4474 hano
497 4420 532 4476 ut
557 4411 614 4475 ‘do
631 4411 700 4475 vrio
722 4419 753 4474 et
772 4410 898 4492 virtute,
924 4411 978 4475 ubi
1002 4411 1021 4474 1
1040 4409 1211 4491 scribituml
1229 4412 1326 4488 verba

108 4523 288 4607 legerentur
301 4524 550 4611 adscriptumque
567 4525 600 4589 in
615 4509 757 4611 margine
771 4536 850 4591 esset
869 4526 906 4588 ‘i
924 4526 1010 4589 vira'
1027 4525 1156 4602 Quare
1170 4526 1325 4591 luculenta
