2902 5122
705 300 751 376 39

120 512 330 582 BVLLINIS
351 516 451 580 forma
472 540 501 580 v.
523 516 547 579 6
564 537 621 601 pre
650 538 712 600 qua
739 510 986 582 SIB'iLLJNIS
1007 512 1160 599 scriptura
1177 520 1244 576 erat
1264 512 1334 576 suba

121 629 276 696 stituenda
308 652 372 694 non
401 639 486 694 caret
518 629 729 710 excusation03
761 631 833 716 quia
867 631 950 694 enim
984 627 1159 716 perantiqui
1192 626 1334 711 caseique

121 744 255 810 foederis
284 746 369 829 quod
395 745 468 809 inde
503 744 543 808 ab
570 767 598 806 a.
625 767 658 808 u,
681 767 708 808 c.
736 744 801 807 416
827 745 991 830 quotannis
1024 765 1095 807 cum
1128 739 1334 806 Laurentibus

120 860 328 927 renovabatur
344 859 413 923 istic
432 859 469 922 fit
490 858 624 940 mentio,
642 879 707 922 non
720 858 818 922 mirer
829 867 953 944 praeter
969 857 1106 921 studium
1119 877 1221 920 novas·
1228 855 1334 920 literas

122 972 263 1037 imitandi
298 973 435 1059 ahquam
465 971 623 1038 venustatis
655 971 912 1058 significationem
937 973 971 1036 in
996 971 1097 1059 prisca
1130 969 1335 1054 sollemnique

121 1085 491 1153 SIBVLLiNJsforma
510 1106 668 1172 apparere.
697 1084 755 1152 Sin
777 1087 845 1172 quis
862 1089 929 1151 v04
948 1084 1135 1152 TiBEttIS
1151 1083 1334 1170 scripturam

120 1202 357 1287 exspectaverit,
383 1202 410 1265 is
438 1223 503 1266 non
535 1200 662 1265 infuisse
691 1200 745 1264 illa
770 1210 869 1267 aetate
896 1203 929 1265 in
956 1200 1018 1265 hoc
1046 1199 1171 1265 nomine
1197 1197 1333 1263 medium

119 1314 139 1378 Ι
167 1323 198 1379 et
226 1315 259 1380 V
285 1315 393 1381 literae
419 1337 531 1380 sonum
553 1315 676 1400 soito1).
723 1314 869 1401 Denique
896 1337 954 1403 per
981 1337 1057 1401 quas
1077 1314 1269 1401 potissimum
1286 1332 1333 1376 re

118 1427 229 1512 gisnes
249 1450 269 1491 a
289 1427 422 1494 Claudio
442 1429 638 1495 induciarum
658 1428 817 1493 literarum
844 1452 917 1494 usus
944 1429 1077 1517 patuerit
1101 1427 1128 1491 si
1148 1425 1333 1512 quaerimus,

120 1540 247 1607 dimidia
265 1565 338 1630 pars
357 1523 518 1609 titulorum
538 1543 681 1630 privatim
699 1541 871 1609 Claudiana
891 1544 1043 1631 scriptura
1062 1541 1275 1607 confectorum
1293 1539 1334 1604 ad

120 1654 244 1721 Latium
271 1659 420 1745 pertinet,
456 1657 583 1722 dimidia
608 1657 649 1722 ad
676 1658 824 1722 relicuum
850 1653 974 1722 Italiam
981 1705 990 1740 ,
1015 1656 1175 1722 Etruriam
1202 1652 1333 1740 (lampa-

118 1771 203 1836 niam
227 1773 378 1860 Apuliam
403 1773 570 1853 Picenum3
603 1770 827 1838 Latiniensium
853 1781 957 1838 autem
984 1794 1091 1837 rursus
1113 1769 1274 1835 dimidium
1293 1769 1333 1832 ab

119 1884 187 1972 ipsa
216 1886 294 1952 urbe
321 1888 465 1974 Romana
492 1886 658 1952 oriundum
687 1895 742 1952 est.
792 1886 949 1951 Nimirum
978 1908 1040 1972 quo
1068 1886 1107 1949 ab
1129 1883 1225 1950 oculis
1246 1881 1334 1969 quasi
1414 1934 1417 1946 ,

118 2000 319 2086 inspectantis
340 2000 476 2086 Augusti
500 2001 627 2088 propius
653 2001 843 2066 aberant'eo
871 2001 1034 2066 studiosius
1055 1997 1250 2064 commodam
1270 2018 1333 2060 am-

118 2114 332 2203 plectebantur
352 2115 559 2180 testificaudae
579 2137 656 2201 erga
677 2137 749 2181 eum.
765 2115 885 2201 pietatis
914 2123 945 2180 et
971 2114 1111 2199 obsequii
1132 2112 1332 2178 occasionem.

200 2227 313 2294 Libros
335 2230 388 2314 qui
413 2229 494 2294 intra
512 2253 540 2293 a
563 2229 741 2294 800—807
768 2231 940 2295 edebantur
965 2229 1136 2316 permultos
1157 2227 1246 2292 novis
1266 2245 1334 2290 esse

118 2341 277 2407 literarum
298 2343 406 2408 formis
424 2344 614 2432 conscriptos
633 2343 799 2411 Suetonius
820 2353 927 2408 narrat
945 2343 1074 2408 ‘Exstat
1092 2342 1162 2407 talis
1182 2341 1334 2427 scriptura

116 2455 150 2519 in
175 2455 332 2543 plerisque
360 2459 451 2522 libris
476 2481 503 2523 e.
532 2480 562 2543 q.
591 2460 625 2523 s.’
679 2459 720 2524 In
754 2459 801 2524 eis
824 2468 928 2523 autem
954 2458 1074 2545 seriptis
1108 2478 1188 2543 quae
1214 2455 1287 2520 inde
1314 2479 1333 2518 a

117 2569 242 2636 Claudii
268 2573 458 2659 temporibus
493 2594 591 2658 usque
626 2575 666 2638 ad
701 2585 838 2640 nostram
872 2583 1003 2638 aetatem
1037 2573 1151 2636 tradita
1176 2571 1332 2636 codicibus

117 2695 189 2750 suut
216 2685 303 2750 nulla
326 2672 465 2752 videmus
492 2687 622 2752 istorum
649 2688 847 2756 inventorum
876 2688 1022 2772 vestigia,
1051 2687 1110 2750 nisi
1136 2686 1187 2750 cui
1213 2686 1246 2748 in
1267 2685 1331 2771 epi-

115 2801 242 2866 nionem
281 2802 361 2866 forte
402 2801 522 2866 veniret
553 2802 695 2867 ‘deficta'
736 2803 920 2889 scripbnam
954 2823 1048 2887 quam
1086 2824 1147 2887 pro
1181 2793 1331 2864 ‘devicta’

116 2915 213 2980 verbo
243 2917 277 2979 in
303 2914 433 2981 Latinae
459 2917 658 3004 anthologiae
684 2918 936 2983 Burmannianae
961 2916 1034 2980 libri
1051 2915 1096 3009 ΑΠ
1123 2915 1259 2981 carmine
1290 2915 1329 2978 91

116 3027 248 3112 (Meyer.
282 3029 356 3114 769)
381 3039 453 3116 post
477 3031 637 3095 subactam
664 3032 857 3096 Britanniam
883 3030 1006 3097 condito
1033 3030 1204 3094 Vossianus
1231 3028 1331 3094 codex

115 3151 146 3207 et
172 3142 305 3208 schedae
331 3139 484 3228 Scaligeri
510 3169 541 3208 v.
566 3145 586 3211 i
618 3144 767 3211 exhibent
790 3154 883 3230 atque
918 3145 1055 3210 eiusdem
1091 3144 1214 3230 generis
1248 3165 1330 3208 com-

114 3255 219 3343 plures
240 3280 259 3320 a
280 3257 308 3321 A
327 3257 429 3344 figura
450 3267 573 3323 exortas
595 3280 676 3341 esse,
701 3259 735 3323 id
755 3259 841 3345 quod
860 3258 1047 3326 Fornerium
1065 3260 1123 3324 sibi
1143 3259 1330 3346 persuasisse

114 3370 199 3458 apud
216 3370 364 3436 Vossium
383 3373 456 3458 lego
475 3372 508 3436 in
528 3374 712 3448 Aristarcho
734 3373 802 3462 Ip.
822 3373 863 3439 51
883 3372 1044 3439 Foertsuh.
1094 3373 1141 3437 ‘V
1162 3395 1237 3438 vero
1258 3395 1330 3437 con-

160 3644 185 3712 ¹)
207 3647 269 3698 Cum
288 3651 393 3712 longum
415 3652 449 3700 sit
472 3653 495 3700 si
518 3653 610 3714 quibus
636 3654 707 3704 istud
731 3655 833 3718 probem
857 3657 1001 3714 argumenta
1023 3653 1070 3703 hac
1093 3653 1255 3704 adnotatione
1271 3670 1329 3716 per-

200 3765 302 3814 sequar,
325 3765 404 3800 unum
425 3752 572 3801 adiunxisse
592 3753 640 3801 boo
661 3755 722 3802 satis
745 3754 853 3814 habebo,
878 3751 946 3816 apud
969 3753 1082 3802 Plinium
1105 3760 1186 3804 natur.
1210 3756 1268 3805 bist.
1290 3756 1328 3804 III

200 3855 228 3912 5,
247 3855 279 3902 53
299 3852 338 3901 ed.
355 3851 436 3913 Sillig.
454 3852 563 3927 ‘Tiberis
582 3860 654 3904 antea
677 3846 814 3916 Thybris
835 3853 974 3915 appellatus
998 3859 1023 3903 et
1043 3853 1113 3916 prius
1131 3856 1223 3905 Albula
1244 3871 1257 3904 e
1275 3871 1327 3906 me·

201 3951 243 4000 dia
261 3953 312 4002 lero
329 3952 488 4012 longitudine
506 3952 651 4016 Appennini
667 3955 760 4004 tinibus
778 3956 949 4004 Arretinorum
972 3955 1086 4016 profluit’
1108 3957 1199 4006 collato
1217 3958 1327 4006 Varrone

199 4054 228 4100 L.
247 4052 316 4102 L.V
341 4055 370 4113 5,
390 4055 424 4102 30
448 4053 515 4103 unde
538 4052 603 4102 illud
627 4053 725 4104 Plinius
748 4055 814 4104 baud
838 4057 889 4104 seio
911 4068 943 4103 an
966 4057 1121 4106 transtulerit
1145 4055 1260 4104 ‘fuerunt
1283 4058 1327 4118 qui

201 4151 332 4213 [Tiberim]
350 4154 381 4201 ab
399 4154 491 4204 Thebri
507 4153 590 4204 vicino
607 4156 691 4216 regulo
709 4156 844 4206 Veientum
860 4155 978 4204 dixerunt
995 4156 1148 4219 appellatum
1165 4156 1325 4218 Thebrim,

200 4258 260 4301 suut
278 4254 322 4314 qui
339 4254 449 4304 Tiberim
471 4255 583 4318 priscum
604 4269 696 4304 nomen
718 4257 835 4305 Latinum
857 4257 975 4306 Albulam
996 4259 1134 4306 vocitatum
1150 4256 1231 4306 literis
1247 4257 1326 4306 tradi-

199 4351 304 4401 derunt'
325 4354 508 4405 emendandum
533 4356 664 4407 ‘Thebris’
696 4369 758 4405 esse.
793 4357 906 4406 Primum
930 4356 998 4420 quod
1027 4357 1087 4405 novi
1111 4356 1242 4419 ‘Tyberis'
1263 4358 1326 4407 sori-

196 4456 283 4514 pturao
307 4455 449 4516 exemplum
478 4456 518 4505 Or.
547 4457 615 4506 3042
646 4456 674 4506 in
703 4457 866 4519 posteriorem
889 4456 957 4507 tertii
987 4473 1011 4520 p.
1037 4457 1080 4507 Oh.
1102 4472 1127 4508 n.
1152 4459 1245 4507 saeculi
1267 4473 1325 4522 par-

197 4557 246 4602 tem
264 4552 339 4602 eadit.
