2902 5122
701 280 746 352 41

599 369 850 380 -.---.—-—-—--

115 495 246 560 inventis
267 517 286 557 a
309 494 471 580 semetipso
492 493 588 558 literis
609 494 829 579 imperaverat,
849 493 952 578 itaque
972 493 1053 557 tituli
1066 493 1181 579 publici
1196 514 1329 578 quorum

115 632 222 672 curam
242 608 510 673 inscribendorum
530 608 614 673 haud
636 607 729 672 dubie
750 609 804 693 qui
831 607 892 671 illis
915 608 1124 694 fungebantur
1149 609 1328 673 muneribus

115 725 305 788 sustinebant
334 721 511 788 Claudianis
546 732 617 786 sunt
649 723 811 786 literarum
837 722 944 787 formis
975 722 1127 808 insigniti3
1162 723 1224 784 iam
1253 744 1328 786 vero

115 839 252 926 epistulis
272 838 453 922 scriniisque
474 837 619 925 praefecti
641 858 712 901 eum
733 845 878 902 vacarent
899 837 1161 902 administratione
1175 838 1221 902 rei
1242 859 1329 900 num-

114 953 245 1034 mariae,
273 953 412 1037 quamvis
434 952 472 1015 sit
498 953 611 1016 mirum
640 953 740 1039 potuit
762 960 867 1016 tamen
886 950 956 1015 fieri
982 957 1017 1013 ut
1043 949 1077 1012 in
1103 951 1238 1013 nummis
1265 972 1330 1014 non

115 1067 188 1130 iussi
210 1066 237 1131 d
258 1065 285 1132 Ο
310 1066 331 1130 i
351 1065 402 1130 AI
423 1076 510 1129 notas
532 1067 680 1131 adhibere
706 1066 869 1130 monetarii
889 1065 994 1129 literas
1015 1074 1175 1130 servarent
1194 1066 1329 1129 usitatas.

198 1417 315 1496 Quinto
335 1427 366 1483 et
379 1429 467 1485 sexto
486 1429 517 1484 et
532 1421 661 1506 septimo
677 1419 828 1506 capitibus
844 1437 924 1503 quae
940 1418 1151 1505 exposuimus,
1173 1417 1205 1481 in
1223 1438 1330 1485 omnes

84 1614 87 1621 .
114 1544 218 1622 partes
239 1536 277 1598 ab
299 1556 337 1599 ea
356 1535 507 1598 sententia
528 1534 676 1598 dissident
696 1555 790 1619 quam
811 1533 844 1596 in
859 1530 1040 1606 ,academico
1061 1533 1168 1597 libello
1184 1525 1198 1572 “
1207 1532 1331 1598 Claudii
1432 1602 1434 1612 ,

115 1649 195 1736 Imp.
227 1651 325 1714 oratio
351 1670 445 1737 super
478 1650 599 1717 ciuitate
631 1647 733 1714 Gallis
765 1648 882 1713 danda'
911 1648 1061 1734 Friburgi
1094 1648 1331 1733 Brisigavorum

115 1786 142 1825 a.
166 1765 247 1828 1833
269 1766 351 1829 edito
373 1764 504 1831 Carolus
532 1763 650 1828 Zellius
673 1762 879 1849 exprompsit,
900 1763 957 1825 oui
984 1762 1214 1849 impugnandae
1241 1771 1332 1827 antea

115 1899 157 1943 ne
177 1900 283 1960 rerum
303 1879 472 1944 inciderem
499 1887 639 1942 tenorem
665 1878 843 1964 temperavi.
891 1876 984 1940 Zellii
1011 1886 1114 1940 autem
1141 1879 1238 1943 verba
1257 1902 1288 1965 p.
1311 1879 1331 1942 8

115 1991 193 2056 haec
213 2001 286 2056 sunt
313 1997 322 2032 ‘
329 1994 362 2056 in
389 1993 520 2080 publicis
546 1991 672 2078 quidem
699 1991 908 2056 instrumentis
933 1991 990 2054 has
1017 1991 1122 2055 literas
1144 1991 1331 2059 Claudianas

116 2105 235 2171 curiose
264 2116 425 2194 usurpatas
453 2128 519 2171 esse
546 2115 577 2171 et
604 2128 661 2192 per
695 2127 728 2170 se
754 2114 838 2193 patet
869 2115 899 2170 et
927 2105 1052 2170 Tacitus
1079 2128 1150 2169 eum
1181 2104 1331 2172 Suetonio

114 2221 257 2283 affirmat.
292 2221 403 2307 Neque
423 2222 579 2306 hodieque
598 2229 799 2284 monumenta
820 2220 930 2284 desunt
947 2221 1038 2284 huius
1056 2221 1174 2286 inventi
1195 2222 1332 2310 vestigiis

115 2333 269 2420 insignita.
313 2333 378 2400 Sed
399 2344 429 2399 et
449 2335 501 2397 alii
522 2335 659 2400 eiusdem
679 2327 785 2398 aetatis
804 2334 886 2398 tituli
906 2345 1085 2420 supersunt,
1107 2335 1189 2421 iique
1209 2336 1333 2422 publice

116 2457 147 2512 et
166 2449 199 2511 in
220 2449 297 2514 urbe
318 2450 385 2537 ipsa
406 2451 554 2532 confecti,
582 2450 636 2536 qui
663 2449 826 2535 vulgarem
853 2449 1106 2513 consuetudinem
1132 2460 1272 2533 servant,
1298 2459 1333 2515 ut

114 2584 214 2648 aquae
236 2563 386 2630 Claudiae
413 2564 570 2651 inscriptio
599 2565 632 2626 in
659 2573 749 2650 porta
774 2563 895 2628 Naevia
919 2571 950 2627 et
969 2564 1074 2628 tabula
1094 2565 1241 2629 honestae
1261 2566 1333 2628 mis·

114 2677 219 2742 sionis.
249 2677 370 2757 Quodsi
390 2680 485 2765 igitur
505 2679 624 2744 Romae
645 2677 752 2742 literae
774 2676 965 2743 Claudianae
978 2679 1030 2742 vel
1051 2679 1085 2742 in
1098 2679 1193 2743 titulis
1209 2679 1333 2765 publiea

115 2792 295 2866 auctoritate
314 2796 420 2882 positis
443 2818 507 2861 non
528 2794 643 2880 ubique
670 2792 926 2875 admittebantur,
955 2795 1029 2879 quid
1055 2794 1169 2858 mirum
1195 2795 1222 2857 si
1250 2795 1334 2860 idem

115 2907 149 2971 in
169 2908 336 2993 provinciis
356 2911 472 2974 factum
492 2930 559 2974 esse
580 2909 745 2974 videmus?
767 2909 806 2973 cf.
821 2907 934 2974 Orellii
954 2907 1025 2973 coll.
1040 2931 1070 2971 n.
1087 2909 1148 2973 648
1171 2910 1232 2973 708
1253 2909 1332 2973 7132
1419 2954 1422 2958 ι

116 3021 334 3089 Inconstanter
367 3024 463 3110 igitur
498 3024 623 3088 omnino
655 3024 688 3086 in
721 3023 852 3110 publicis
878 3022 1082 3087 inscribendis
1116 3023 1211 3087 titulis
1238 3023 1332 3104 modo

117 3158 192 3215 usos
212 3136 335 3204 Claudii
356 3138 452 3203 literis
473 3138 568 3203 modo
591 3160 655 3203 non
676 3160 747 3203 usos
775 3159 842 3202 esse
868 3136 986 3202 Zellius
1015 3136 1097 3219 vult,
1124 3159 1204 3223 quae
1231 3139 1333 3203 existi-

117 3251 211 3316 matio
233 3275 326 3338 quam
346 3253 465 3318 lubrica
485 3253 524 3316 sit
544 3274 636 3318 nemo
657 3274 720 3317 non
741 3252 912 3339 perspiciet.
948 3251 1106 3336 'Singulae
1127 3275 1201 3318 vero
1222 3276 1273 3319 res
1295 3254 1333 3319 de

118 3367 230 3451 quibus
262 3368 380 3432 Zellius
412 3369 581 3433 haesitabat
615 3376 669 3431 aut
700 3366 818 3430 nullam
853 3365 1075 3442 dubitationem
1106 3367 1250 3432 adferimt
1280 3375 1334 3430 aut

117 3480 223 3547 faciles
251 3484 367 3547 habent
394 3483 573 3569 explicatus.
622 3482 705 3546 Nam
737 3503 836 3567 aquae
869 3480 1019 3548 Claudiae
1045 3481 1276 3568 inscriptionem
1303 3490 1334 3546 et

117 3595 266 3660 honestae
290 3596 444 3663 missionis
472 3619 565 3682 quam
593 3596 699 3660 dicunt
726 3596 865 3661 tabulam
892 3617 956 3660 non
990 3595 1090 3682 prima
1118 3617 1185 3660 esse
1210 3596 1267 3661 sed
1292 3596 1334 3663 de

117 3709 224 3797 primis
253 3711 406 3798 exscripta
434 3711 578 3798 exempla
603 3735 634 3799 p.
663 3712 704 3776 30
733 3710 878 3799 exposui,
910 3710 995 3795 quod
1028 3711 1113 3776 idem
1139 3710 1180 3774 ad
1206 3709 1334 3797 Lugdu-

118 3845 247 3889 nensem
266 3825 398 3912 pertinet
425 3827 595 3891 orationem
624 3828 725 3911 quade
751 3826 869 3891 Zellius
898 3825 1049 3889 disserens
1077 3826 1109 3888 in
1137 3824 1334 3889 literaruma

120 3938 250 4004 Claudio
278 3941 473 4005 inventarum
501 3941 701 4006 mentionem
715 3940 831 4007 incidit.
886 3939 1010 4005 Deinde
1043 3940 1139 4004 titulis
1167 3939 1333 4005 Orellianis

119 4055 182 4119 ers
204 4077 298 4140 quam
318 4057 351 4119 n
373 4033 577 4143 disputatione
597 4077 667 4121 mea
687 4078 718 4142 p.
731 4030 781 4120 ‘24
803 4056 921 4119 intexui
943 4064 973 4117 a
994 4055 1055 4119 tos
1077 4056 1131 4140 qs
1149 4062 1195 4119 est
1215 4055 1281 4120 aas:

285 4187 386 4253 TI·
420 4184 762 4254 OLAvnrvs
807 4183 1057 4251 CAESAR

470 4299 713 4368 AVGVSTVS
746 4301 890 4368 GERM-

286 4416 425 4483 PONT
452 4450 459 4463 ·
489 4416 636 4481 MAX·
668 4417 822 4482 TRIB·
856 4413 1079 4483 POTEST·

287 4530 1075 4599 COS·DESIG·HH·IMP·XI·P·P·
1142 4533 1252 4598 stae
