2902 5122
595 201 847 361 mn...-

113 494 226 537 sonans
252 472 314 535 iam
342 472 432 552 olim,
463 470 636 536 Claudiano
664 478 739 556 puta
766 493 859 552 acuo,
880 472 1013 557 figuram
1034 472 1142 537 habuit
1163 472 1332 539 inversiF

112 586 253 651 -cuius
272 587 318 651 rei
337 586 551 652 observatione
571 607 635 648 non
656 607 754 672 pauca
767 595 907 651 veterum
928 587 1112 675 scriptorum
1132 586 1202 652 loca
1224 588 1333 652 sanari

112 722 202 788 posse
233 701 384 787 exemplis
415 700 562 789 plusculis
606 700 739 764 ostendit
770 700 953 787 Radulphus
989 700 1158 765 Fornerius
1189 701 1245 766 lib.
1283 701 1329 765 H.

111 815 229 882 Rerum
257 816 506 902 quotidianarum
533 838 599 902 cap.
628 817 667 879 6!
717 813 782 882 Sed
809 838 880 880 cum
905 815 977 879 libri
1004 814 1133 879 saeculis
1158 814 1331 902 proceden-

111 930 192 1009 tibus
211 930 342 995 subinde
362 931 640 996 transcriberentur
662 930 730 995 fieri
751 953 813 996 non
834 931 934 1017 potuit
954 931 1027 1016 quin
1056 930 1089 993 in
1118 929 1331 994 obsoletarnm

111 1045 218 1110 locum
237 1045 397 1110 literarum
426 1043 668 1111 Claudianarum
694 1045 783 1110 brevi
810 1045 907 1132 spatio
933 1065 988 1108 eae
1011 1045 1227 1110 sufficerentur
1247 1065 1332 1129 quac

113 1159 270 1224 communi
290 1159 323 1223 in
342 1181 400 1223 usu
422 1169 517 1223 erant.
550 1158 705 1237 Quocirca
725 1158 751 1221 si
774 1181 850 1243 quas
872 1158 904 1222 in
925 1158 1011 1223 libris
1035 1157 1208 1225 Claudiana
1228 1167 1332 1224 aetate

113 1272 291 1359 compositis
312 1273 344 1336 V
363 1282 394 1338 et
413 1273 441 1338 F
460 1274 619 1339 literarum
640 1273 892 1338 commutationes
919 1272 1103 1339 offendimus
1128 1295 1180 1339 eas
1201 1294 1268 1337 non
1289 1274 1333 1339 ad

112 1382 142 1447 II
162 1386 318 1473 digamma
337 1388 438 1452 refero
459 1411 478 1451 a
499 1387 629 1454 Claudio
651 1387 825 1467 inventum,
853 1409 962 1451 verum
987 1388 1116 1474 perinde
1145 1411 1182 1452 ao
1201 1387 1228 1450 si
1248 1409 1333 1473 quae

112 1501 196 1588 apud
223 1501 299 1567 alios
327 1502 491 1589 scriptores
519 1503 618 1567 factae
646 1512 716 1566 sunt
740 1501 781 1566 ad
809 1502 1008 1567 librariorum
1036 1502 1088 1587 qui
1114 1502 1252 1567 medium
1273 1523 1334 1589 per

112 1635 224 1679 aevum
247 1615 371 1681 fuerunt
392 1627 569 1704 corruptam
588 1616 784 1681 locutionem.

195 1728 256 1793 His
284 1751 363 1814 quae
397 1731 489 1796 modo
527 1731 724 1818 exposuimus
758 1730 798 1794 ad
832 1739 947 1795 cedam
978 1731 1133 1816 quandam
1161 1730 1333 1797 formulam

112 1865 261 1909 revocare
294 1842 535 1910 Claudianorum
572 1867 663 1910 usum
688 1845 848 1911 literarum
882 1846 993 1910 studui.
1042 1846 1089 1910 At
1116 1845 1243 1909 fundata
1271 1845 1337 1911 hac

113 1958 232 2024 ratione
253 1968 284 2024 et
304 1968 459 2024 exstructa
480 1960 641 2046 disciplina
661 1960 722 2023 iam
751 1960 838 2046 quasi
862 1960 895 2023 in
922 1961 1044 2024 ruinam
1069 1982 1169 2046 prona
1189 1959 1336 2025 videabrr

113 2073 167 2137 ubi
202 2073 242 2137 ad
277 2096 476 2138 nummorum
508 2074 697 2138 mentionem
729 2082 857 2137 ventum
885 2082 930 2138 est
962 2074 1076 2161 quippe
1110 2074 1163 2160 qui
1196 2074 1335 2138 inventis

114 2184 238 2253 Claudii
264 2208 328 2251 non
355 2188 417 2251 sint
440 2188 588 2274 insigniti.
641 2188 753 2275 Neque
785 2190 868 2253 enim
902 2190 935 2252 in
968 2210 1167 2254 nummorum
1198 2210 1336 2255 numero

113 2300 276 2388 plumbum
303 2301 337 2367 id
360 2303 500 2369 referatis
535 2304 619 2390 quod
647 2302 803 2389 Seguinus
838 2304 893 2368 sel.
922 2304 1065 2368 numism.
1094 2327 1124 2391 p.
1152 2303 1337 2369 194-200

114 2416 284 2480 accuratius
306 2425 467 2481 exsecutus
494 2426 592 2483 estet
618 2418 651 2480 in
678 2418 828 2482 ‘nummis
855 2418 994 2500 tesseris,
1023 2418 1173 2505 spinnfis,
1201 2417 1338 2504 aliisque

114 2529 192 2594 varii
209 2530 397 2616 argumenti’
426 2530 594 2598 Ilokhelius
621 2534 664 2599 D.
685 2533 727 2598 N.
748 2534 835 2598 VIII
855 2557 886 2621 p.
907 2534 968 2597 316
989 2533 1115 2598 rettulit.
1157 2533 1212 2597 Ab
1233 2532 1338 2598 altera

114 2646 178 2709 eius
197 2653 287 2732 parto
305 2644 411 2710 laurea
432 2669 564 2731 corona,
585 2651 625 2714 ab
646 2649 744 2714 altera
763 2649 946 2737 pergrandis
967 2650 995 2714 n
1014 2648 1117 2734 figura
1138 2646 1188 2711 cui
1206 2646 1338 2733 palmae

114 2783 219 2826 ramus
240 2760 353 2826 infixus
373 2771 418 2826 est
439 2771 470 2826 et
489 2762 538 2828 ΙΟ
551 2785 558 2802 ·
572 2761 660 2830 SAT
679 2763 729 2830 IO
750 2764 857 2828 literae
875 2763 919 2827 sic
939 2765 1125 2848 compositae
1146 2769 1336 2829 cernuntur:

648 3021 689 3072 10
741 3027 817 3078 ·sA'[

748 3185 787 3236 10
928 3185 932 3191 ’

115 3468 188 3534 Hoc
206 3469 368 3555 plumbum
388 3471 472 3556 quod
493 3470 705 3536 Saturnalium
731 3472 800 3534 usui
827 3473 1024 3540 sollemnium
1052 3473 1235 3541 destinatum
1263 3482 1335 3536 erat

116 3583 264 3670 (Stiglitz.
279 3605 436 3649 sermones
453 3584 648 3671 archaeolog.
666 3583 703 3648 II
720 3608 751 3671 p.
767 3587 840 3672 145)
859 3588 935 3653 haut
955 3590 1052 3654 multo
1070 3594 1140 3674 post
1156 3583 1296 3646 inductas
1314 3608 1336 3648 a

118 3696 251 3765 Claudio
272 3720 370 3763 novas
392 3698 552 3763 literarum
571 3699 688 3764 formas
717 3723 824 3764 cusum
850 3724 981 3789 eamque
1007 3702 1106 3787 ipsam
1132 3699 1171 3760 ob
1193 3719 1337 3764 caussam

5 3863 8 3867 .
117 3811 238 3877 dnota
257 3810 439 3896 insignitum
459 3835 526 3878 esse
545 3814 693 3901 suspicor.
736 3814 776 3877 In
804 3817 938 3879 nummis
965 3824 1068 3880 autem
1095 3811 1267 3878 Claudiana
1287 3811 1337 3875 in-

118 3934 212 3989 venta
232 3925 427 4012 reperiuntur
449 3949 617 4014 nusquam,
646 3950 755 3992 verum
783 3930 874 3992 etiam
895 3930 928 3992 in
949 3930 992 3992 eis
1015 3927 1067 4013 qui
1087 3927 1210 4014 publice
1232 3927 1339 4011 signa-

117 4039 231 4105 bantur
245 4039 382 4126 vulgaris
400 4042 552 4128 scriptura
568 4043 749 4107 servabatur
765 4052 797 4106 ut
813 4042 864 4107 IV
865 4040 996 4106 VENT·
1011 4050 1041 4106 et
1055 4038 1179 4106 CAES·
1201 4042 1232 4104 iu
1247 4062 1339 4105 num-

117 4153 176 4218 mis
198 4155 281 4240 apud
302 4154 489 4221 Eckhelium
509 4157 550 4222 D.
573 4156 614 4221 N,
636 4157 687 4220 VI
706 4180 736 4244 p.
758 4158 821 4221 260
842 4166 872 4221 et
892 4156 963 4220 242.
1007 4155 1110 4235 Quam
1137 4176 1339 4220 nummorum

118 4263 413 4357 inscriptionumque
438 4272 674 4360 discrepantiam
705 4271 862 4335 consultus
889 4293 946 4358 per
973 4271 1176 4336 Ritschelium
1203 4268 1339 4334 Momm·

119 4382 237 4465 senius,
259 4407 338 4469 quae
357 4385 440 4450 illius
466 4387 525 4450 viri
553 4395 599 4451 est
626 4408 746 4450 summa
767 4384 909 4467 scientia,
928 4386 981 4451 isia
1003 4386 1164 4453 enodavit:
1187 4383 1340 4452 Claudius

119 4496 163 4560 eis
184 4498 237 4581 qui
257 4498 315 4562 sibi
342 4501 382 4564 ab
409 4500 545 4587 epistulis
576 4510 607 4565 et
633 4525 652 4563 a
679 4500 799 4566 scriniis
829 4509 917 4565 erant
942 4509 976 4566 ut
1003 4524 1068 4566 non
1096 4507 1256 4566 uterentur
1277 4498 1341 4565 nisi
