2902 5122
752 281 796 339 IV

168 489 298 554 iecturas
319 497 506 576 proponeret
520 498 627 575 suapte
647 498 758 553 natura
771 490 951 555 remotiores
965 513 984 553 a
1003 490 1134 577 simplici
1151 491 1376 577 probabilitate.

169 604 264 668 Velut
285 604 368 668 haud
389 604 452 667 scio
473 626 514 666 an
535 626 599 669 non
618 605 718 690 magis
740 604 868 668 euobis
896 626 990 691 quam
1011 627 1030 667 a
1051 625 1102 669 me
1122 605 1201 670 illud
1221 607 1260 669 sit
1282 607 1378 693 impe-

167 728 317 799 traturus,
339 727 372 783 ut
391 697 425 782 in
445 720 508 783 uir
529 727 559 783 et
579 720 769 805 pontifex
789 720 964 801 uocabulis,
987 719 1027 783 de
1048 717 1259 805 quibusdixit
1278 741 1309 806 p.
1326 721 1378 802 33,

168 855 236 898 eam
257 836 273 896 a'
290 835 405 899 uocalis
426 834 724 921 pronuntiationem,
746 857 826 921 quae
848 835 950 899 media
970 834 1027 899 fuit
1048 835 1157 898 interi
1175 841 1206 898 et
1221 859 1244 898 u
1257 857 1379 916 sonum,

169 948 329 1012 dumtaxat
359 958 412 1012 aut
442 949 662 1035 posterioribus
696 958 749 1013 aut
777 949 930 1037 prioribus
959 949 1088 1014 saeculis
1117 948 1284 1014 incaluisse
1312 970 1379 1013 cre·

168 1063 293 1145 damus,
323 1065 362 1128 ab
393 1063 462 1151 ipsa
492 1073 595 1128 autem
625 1062 797 1129 Claudiana
827 1072 928 1129 aetate
960 1078 1087 1152 prorsus
1114 1064 1274 1128 exclusam
1302 1085 1380 1146 esse,

168 1200 319 1264 perquam
339 1178 372 1242 id
393 1200 467 1242 sane
488 1178 677 1244 mirabiliter.
719 1177 782 1243 Vel
802 1187 837 1243 ut
855 1178 1114 1261 adulterinorum,
1137 1202 1214 1265 quos
1234 1179 1381 1266 prudenti

169 1293 340 1358 diffidentia
373 1293 534 1379 indagatos
562 1296 671 1359 merito
706 1294 880 1376 damnauit,
911 1293 1072 1358 titulorum
1106 1294 1251 1359 societate
1286 1295 1380 1360 etiam

168 1407 245 1472 tales
267 1408 419 1493 quosdam
439 1409 736 1495 comprehendamus
759 1408 828 1494 qui,
857 1408 975 1494 absque
997 1407 1162 1474 Claudiam
1183 1410 1303 1475 inuenti
1322 1409 1380 1474 dif-

168 1522 304 1588 ficultate
332 1532 428 1606 esset,
461 1522 663 1611 suspicandae
688 1523 806 1588 fraudis
834 1533 881 1588 sat
907 1524 1019 1588 iustam
1046 1546 1185 1588 caussam
1211 1524 1265 1589 uix
1292 1546 1381 1611 pree

169 1638 262 1702 bituri
284 1647 380 1706 erant.
417 1639 537 1703 Verum
558 1638 635 1702 haec
655 1638 732 1701 etsi
752 1639 831 1723 quae
851 1639 965 1702 horum
985 1648 1057 1703 sunt
1077 1639 1188 1704 similia
1208 1663 1279 1705 cum
1298 1641 1382 1705 leuia

170 1775 236 1818 esse
256 1753 435 1839 intellegitis
456 1753 594 1840 praecis
614 1775 694 1838 quae
715 1754 814 1818 nitent
831 1754 979 1842 plurima,
999 1762 1066 1817 tum
1086 1754 1129 1818 its
1149 1764 1327 1842 comparata
1347 1766 1383 1820 ut

169 1892 189 1932 a
209 1869 330 1934 ratione
355 1869 427 1932 artis
454 1869 582 1954 acieque
609 1869 712 1934 iudicii
738 1869 865 1956 inipso
895 1889 1001 1933 errore
1026 1868 1066 1952 (si
1093 1871 1187 1936 modo
1215 1880 1262 1935 est
1281 1874 1384 1958 error)

170 1984 328 2068 aliquanto
345 1985 415 2072 plus
436 1985 535 2049 laudis
555 1985 798 2069 habeant'quem
814 1983 1037 2070 plurimorum,
1059 1985 1113 2071 qui
1133 1985 1166 2050 in
1187 1986 1253 2051 hoc
1264 2007 1384 2072 genere

172 2099 371 2164 elaborarunt
400 2100 451 2164 uel
480 2100 662 2165 laborarunt
681 2099 798 2186 potius,
828 2099 986 2186 cogitandi
1005 2100 1131 2186 ignauia
1151 2100 1297 2186 inersque
1316 2123 1383 2166 cre-

170 2213 266 2278 dendi
285 2214 438 2301 patientia.
486 2214 580 2280 Vnde
606 2216 642 2280 fit
666 2225 700 2280 ut
725 2237 790 2281 non
809 2216 932 2280 minore
956 2215 1024 2280 iure
1046 2213 1154 2280 uidear
1174 2236 1258 2280 nunc
1277 2215 1384 2281 Fenu-

171 2351 284 2396 orsovu
303 2329 544 2396 Bveonmrevu
569 2352 740 2418 propensae
769 2331 921 2397 uoluntati
945 2329 1128 2416 liberalique
1149 2352 1242 2397 curae
1261 2341 1384 2396 uestrae

171 2438 391 2509 commendare
406 2468 499 2530 quam
520 2466 560 2509 ex
581 2445 691 2510 eadem
708 2445 768 2509 hac
788 2445 948 2532 disciplina
963 2445 1123 2510 Bonnensi
1144 2468 1243 2533 nuper
1263 2447 1305 2511 ad
1326 2469 1384 2512 uos

172 2560 331 2634 dimissum
357 2559 526 2626 Arrumrvu
553 2560 772 2641 Hvssmnvn,
800 2569 946 2648 expertae
966 2562 1056 2626 uobis
1078 2561 1247 2626 industriae
1265 2584 1301 2625 ac
1321 2561 1385 2627 sol·

170 2675 279 2739 lertiae
301 2675 459 2740 iuuenem:
488 2676 573 2741 cuius
599 2675 654 2739 ille
679 2675 824 2741 uirtutem
852 2676 939 2740 nulla
967 2677 1116 2742 dubitatio
1142 2687 1189 2742 est
1216 2677 1291 2764 quin
1316 2677 1384 2742 feli-

172 2789 294 2855 cissimo
323 2813 465 2854 successu
494 2790 702 2855 aemulaturm
736 2791 784 2855 sit.
837 2790 922 2856 Nam
949 2801 1003 2856 aut
1028 2791 1121 2856 fallor
1151 2801 1205 2856 aut
1235 2792 1276 2856 ad
1307 2793 1385 2856 tenti

173 2906 291 2992 operis,
324 2885 474 2990 quantum
503 2927 565 2968 una
597 2928 669 2973 cum
702 2905 963 2994 praestantissimo
995 2907 1118 2973 Ionurr
1143 2907 1307 2974 Bnrmsrs
1339 2931 1384 2972 nr

172 3021 271 3087 Rossr
306 3019 474 3102 molimini,
497 3021 733 3086 immensitatem
760 3021 845 3086 haud
871 3021 959 3087 inuiti
995 3022 1070 3088 olim
1100 3022 1299 3088 consiliorum
1330 3024 1384 3088 ad·

172 3135 327 3199 ministros
364 3137 525 3222 sociosque
564 3136 707 3201 laborum
750 3137 917 3220 ascisoetis,
960 3138 1053 3204 modo
1090 3146 1121 3202 et
1160 3147 1263 3202 cetera
1304 3139 1386 3204 bene

174 3250 292 3316 cordati
319 3251 379 3314 sint
407 3250 567 3338 solideque
594 3252 755 3339 disciplina
779 3253 905 3318 formati
930 3263 960 3318 et
987 3254 1020 3316 in
1051 3253 1256 3340 epigraphicis
1276 3253 1386 3317 studiis

173 3375 357 3431 monstratas
384 3390 403 3430 a
429 3367 518 3432 uobis
545 3368 610 3433 uias
644 3367 796 3432 sectaturi.
844 3366 932 3454 Ergo
960 3369 987 3432 si
1015 3368 1090 3454 quid
1117 3390 1187 3434 mea
1214 3367 1297 3457 apud
1326 3390 1385 3433 uos

175 3483 273 3546 oratio
294 3482 391 3564 ualet,
419 3483 507 3548 illum
528 3504 633 3548 amare
653 3482 793 3570 incipite,
823 3466 874 3546 me
894 3491 999 3548 autem
1019 3483 1262 3550 amantissimum
1289 3483 1385 3548 uestri

175 3599 303 3685 pergite.
348 3598 466 3664 Valete.
508 3598 581 3662 Dat.
602 3597 644 3663 X.
665 3598 714 3663 Id.
735 3597 809 3663 Mai.
851 3597 990 3663 Bonnae.
