<?xml version="1.0" encoding="UTF-8"?>
<!DOCTYPE html PUBLIC "-//W3C//DTD XHTML 1.0 Transitional//EN"
    "http://www.w3.org/TR/xhtml1/DTD/xhtml1-transitional.dtd">
<html xmlns="http://www.w3.org/1999/xhtml" xml:lang="en" lang="en">
 <head>
  <title>
</title>
<meta http-equiv="Content-Type" content="text/html;charset=utf-8" />
  <meta name='ocr-system' content='tesseract 3.04.00' />
  <meta name='ocr-capabilities' content='ocr_page ocr_carea ocr_par ocr_line ocrx_word'/>
</head>
<body>
  <div class='ocr_page' id='page_1' title='image "./deticlavdiocaes00buecgoog_0042.png"; bbox 0 0 2902 5122; ppageno 0'>
   <div class='ocr_carea' id='block_1_1' title="bbox 702 302 749 376">
    <p class='ocr_par' dir='ltr' id='par_1_1' title="bbox 702 302 749 376">
     <span class='ocr_line' id='line_1_1' title="bbox 702 302 749 376; baseline 0 0"><span class='ocrx_word' id='word_1_1' title='bbox 702 302 749 376; x_wconf 78' lang='lat' dir='ltr'><strong>st</strong></span> 
     </span>
    </p>
   </div>
   <div class='ocr_carea' id='block_1_2' title="bbox 114 515 1336 2207">
    <p class='ocr_par' dir='ltr' id='par_1_2' title="bbox 114 515 1336 2207">
     <span class='ocr_line' id='line_1_2' title="bbox 197 515 1329 602; baseline -0.004 -18"><span class='ocrx_word' id='word_1_2' title='bbox 197 515 331 584; x_wconf 80' lang='lat' dir='ltr'><strong>Senatus</strong></span> <span class='ocrx_word' id='word_1_3' title='bbox 352 515 511 581; x_wconf 89' lang='lat' dir='ltr'><strong>Romanus</strong></span> <span class='ocrx_word' id='word_1_4' title='bbox 530 536 595 579; x_wconf 88' lang='lat' dir='ltr'><strong>non</strong></span> <span class='ocrx_word' id='word_1_5' title='bbox 614 515 741 579; x_wconf 91' lang='lat' dir='ltr'><strong>dubium</strong></span> <span class='ocrx_word' id='word_1_6' title='bbox 763 523 809 579; x_wconf 87' lang='lat' dir='ltr'><strong>est</strong></span> <span class='ocrx_word' id='word_1_7' title='bbox 830 515 906 601; x_wconf 90' lang='lat' dir='ltr'><strong>quin</strong></span> <span class='ocrx_word' id='word_1_8' title='bbox 926 524 997 578; x_wconf 87' lang='lat' dir='ltr'><strong>ante</strong></span> <span class='ocrx_word' id='word_1_9' title='bbox 1018 515 1095 580; x_wconf 89' lang='lat' dir='ltr'><strong>alios</strong></span> <span class='ocrx_word' id='word_1_10' title='bbox 1118 536 1225 580; x_wconf 88' lang='lat' dir='ltr'><strong>omnes</strong></span> <span class='ocrx_word' id='word_1_11' title='bbox 1245 516 1329 602; x_wconf 89' lang='lat' dir='ltr'><strong>prin·</strong></span> 
     </span>
     <span class='ocr_line' id='line_1_3' title="bbox 115 628 1328 719; baseline -0.003 -23"><span class='ocrx_word' id='word_1_12' title='bbox 115 631 191 719; x_wconf 90' lang='lat' dir='ltr'><strong>cipis</strong></span> <span class='ocrx_word' id='word_1_13' title='bbox 217 629 353 717; x_wconf 79' lang='lat' dir='ltr'><strong>vestigiis</strong></span> <span class='ocrx_word' id='word_1_14' title='bbox 374 629 529 694; x_wconf 86' lang='lat' dir='ltr'><strong>insecutus</strong></span> <span class='ocrx_word' id='word_1_15' title='bbox 555 638 587 694; x_wconf 91' lang='lat' dir='ltr'><strong>et</strong></span> <span class='ocrx_word' id='word_1_16' title='bbox 613 628 800 695; x_wconf 82' lang='lat' dir='ltr'><strong>Claudianas</strong></span> <span class='ocrx_word' id='word_1_17' title='bbox 827 628 932 693; x_wconf 75' lang='lat' dir='ltr'>literas</span> <span class='ocrx_word' id='word_1_18' title='bbox 960 628 1095 695; x_wconf 86' lang='lat' dir='ltr'><strong>studiose</strong></span> <span class='ocrx_word' id='word_1_19' title='bbox 1120 628 1255 695; x_wconf 73' lang='lat' dir='ltr'><strong>imitatis</strong></span> <span class='ocrx_word' id='word_1_20' title='bbox 1281 631 1328 694; x_wconf 91' lang='lat' dir='ltr'><strong>sit.</strong></span> 
     </span>
     <span class='ocr_line' id='line_1_4' title="bbox 114 743 1327 831; baseline -0.001 -22"><span class='ocrx_word' id='word_1_21' title='bbox 114 745 222 824; x_wconf 83' lang='lat' dir='ltr'>Quare</span> <span class='ocrx_word' id='word_1_22' title='bbox 242 744 464 810; x_wconf 85' lang='lat' dir='ltr'><strong>nobilissimam</strong></span> <span class='ocrx_word' id='word_1_23' title='bbox 485 744 655 809; x_wconf 90' lang='lat' dir='ltr'><strong>orationem</strong></span> <span class='ocrx_word' id='word_1_24' title='bbox 676 767 770 831; x_wconf 91' lang='lat' dir='ltr'><strong>quam</strong></span> <span class='ocrx_word' id='word_1_25' title='bbox 796 744 829 807; x_wconf 91' lang='lat' dir='ltr'><strong>in</strong></span> <span class='ocrx_word' id='word_1_26' title='bbox 856 752 964 809; x_wconf 90' lang='lat' dir='ltr'><strong>senatu</strong></span> <span class='ocrx_word' id='word_1_27' title='bbox 987 743 1136 809; x_wconf 80' lang='lat' dir='ltr'><strong>Claudius</strong></span> <span class='ocrx_word' id='word_1_28' title='bbox 1154 764 1245 808; x_wconf 87' lang='lat' dir='ltr'><strong>anno</strong></span> <span class='ocrx_word' id='word_1_29' title='bbox 1267 745 1327 808; x_wconf 87' lang='lat'><strong>801</strong></span> 
     </span>
     <span class='ocr_line' id='line_1_5' title="bbox 115 856 1331 946; baseline -0.002 -23"><span class='ocrx_word' id='word_1_30' title='bbox 115 859 155 924; x_wconf 91' lang='lat' dir='ltr'><strong>de</strong></span> <span class='ocrx_word' id='word_1_31' title='bbox 175 859 242 924; x_wconf 88' lang='lat' dir='ltr'><strong>iure</strong></span> <span class='ocrx_word' id='word_1_32' title='bbox 263 859 532 946; x_wconf 87' lang='lat' dir='ltr'><strong>adipiscendorum</strong></span> <span class='ocrx_word' id='word_1_33' title='bbox 549 859 590 944; x_wconf 30' lang='lat' dir='ltr'><strong>‚in</strong></span> <span class='ocrx_word' id='word_1_34' title='bbox 615 859 694 924; x_wconf 88' lang='lat' dir='ltr'><strong>urbe</strong></span> <span class='ocrx_word' id='word_1_35' title='bbox 720 859 876 924; x_wconf 89' lang='lat' dir='ltr'><strong>bonorum</strong></span> <span class='ocrx_word' id='word_1_36' title='bbox 903 857 1006 925; x_wconf 84' lang='lat' dir='ltr'><strong>Gallis</strong></span> <span class='ocrx_word' id='word_1_37' title='bbox 1032 859 1135 923; x_wconf 87' lang='lat' dir='ltr'><strong>dando</strong></span> <span class='ocrx_word' id='word_1_38' title='bbox 1163 856 1272 922; x_wconf 89' lang='lat' dir='ltr'><strong>habuit</strong></span> <span class='ocrx_word' id='word_1_39' title='bbox 1298 858 1331 920; x_wconf 90' lang='lat' dir='ltr'><strong>in</strong></span> 
     </span>
     <span class='ocr_line' id='line_1_6' title="bbox 115 972 1330 1058; baseline -0.002 -20"><span class='ocrx_word' id='word_1_40' title='bbox 115 973 191 1038; x_wconf 85' lang='lat' dir='ltr'><strong>actis</strong></span> <span class='ocrx_word' id='word_1_41' title='bbox 216 981 339 1039; x_wconf 70' lang='lat' dir='ltr'><strong>senatis</strong></span> <span class='ocrx_word' id='word_1_42' title='bbox 365 983 606 1038; x_wconf 84' lang='lat' dir='ltr'><strong>consentaneum</strong></span> <span class='ocrx_word' id='word_1_43' title='bbox 634 983 680 1038; x_wconf 91' lang='lat' dir='ltr'><strong>est</strong></span> <span class='ocrx_word' id='word_1_44' title='bbox 705 973 795 1037; x_wconf 83' lang='lat' dir='ltr'><strong>novis</strong></span> <span class='ocrx_word' id='word_1_45' title='bbox 821 972 981 1057; x_wconf 83' lang='lat' dir='ltr'><strong>literarum</strong></span> <span class='ocrx_word' id='word_1_46' title='bbox 1009 973 1117 1038; x_wconf 84' lang='lat' dir='ltr'><strong>formis</strong></span> <span class='ocrx_word' id='word_1_47' title='bbox 1151 991 1330 1058; x_wconf 81' lang='lat' dir='ltr'><strong>expressam</strong></span> 
     </span>
     <span class='ocr_line' id='line_1_7' title="bbox 115 1086 1331 1174; baseline -0.001 -23"><span class='ocrx_word' id='word_1_48' title='bbox 115 1086 226 1170; x_wconf 68' lang='lat' dir='ltr'><strong>fixisse,</strong></span> <span class='ocrx_word' id='word_1_49' title='bbox 248 1087 304 1152; x_wconf 84' lang='lat' dir='ltr'><strong>etsi</strong></span> <span class='ocrx_word' id='word_1_50' title='bbox 317 1087 543 1174; x_wconf 81' lang='lat' dir='ltr'>Lugdunenses</span> <span class='ocrx_word' id='word_1_51' title='bbox 565 1110 636 1153; x_wconf 88' lang='lat' dir='ltr'><strong>oum</strong></span> <span class='ocrx_word' id='word_1_52' title='bbox 654 1087 741 1152; x_wconf 86' lang='lat' dir='ltr'><strong>illam</strong></span> <span class='ocrx_word' id='word_1_53' title='bbox 754 1087 925 1153; x_wconf 89' lang='lat' dir='ltr'><strong>orationem</strong></span> <span class='ocrx_word' id='word_1_54' title='bbox 945 1110 1006 1173; x_wconf 90' lang='lat' dir='ltr'><strong>qua</strong></span> <span class='ocrx_word' id='word_1_55' title='bbox 1020 1089 1106 1174; x_wconf 88' lang='lat' dir='ltr'><strong>quod</strong></span> <span class='ocrx_word' id='word_1_56' title='bbox 1118 1086 1331 1174; x_wconf 83' lang='lat' dir='ltr'><strong>maximopere</strong></span> 
     </span>
     <span class='ocr_line' id='line_1_8' title="bbox 115 1201 1331 1290; baseline -0.002 -23"><span class='ocrx_word' id='word_1_57' title='bbox 115 1203 356 1290; x_wconf 75' lang='lat' dir='ltr'><strong>concupiverant</strong></span> <span class='ocrx_word' id='word_1_58' title='bbox 381 1202 525 1289; x_wconf 86' lang='lat' dir='ltr'><strong>princeps</strong></span> <span class='ocrx_word' id='word_1_59' title='bbox 549 1202 679 1289; x_wconf 87' lang='lat' dir='ltr'><strong>largitus</strong></span> <span class='ocrx_word' id='word_1_60' title='bbox 705 1211 772 1267; x_wconf 86' lang='lat' dir='ltr'><strong>crat</strong></span> <span class='ocrx_word' id='word_1_61' title='bbox 800 1225 818 1268; x_wconf 94' lang='lat' dir='ltr'><strong>e</strong></span> <span class='ocrx_word' id='word_1_62' title='bbox 843 1210 967 1269; x_wconf 83' lang='lat' dir='ltr'><strong>senatus</strong></span> <span class='ocrx_word' id='word_1_63' title='bbox 995 1203 1068 1266; x_wconf 90' lang='lat' dir='ltr'><strong>actis</strong></span> <span class='ocrx_word' id='word_1_64' title='bbox 1095 1201 1331 1268; x_wconf 80' lang='lat' dir='ltr'><strong>describendam</strong></span> 
     </span>
     <span class='ocr_line' id='line_1_9' title="bbox 115 1316 1331 1404; baseline -0.002 -21"><span class='ocrx_word' id='word_1_65' title='bbox 115 1326 209 1404; x_wconf 86' lang='lat' dir='ltr'><strong>atque</strong></span> <span class='ocrx_word' id='word_1_66' title='bbox 229 1318 262 1381; x_wconf 92' lang='lat' dir='ltr'><strong>in</strong></span> <span class='ocrx_word' id='word_1_67' title='bbox 283 1327 379 1383; x_wconf 88' lang='lat' dir='ltr'><strong>aenea</strong></span> <span class='ocrx_word' id='word_1_68' title='bbox 406 1338 446 1382; x_wconf 91' lang='lat' dir='ltr'><strong>ne</strong></span> <span class='ocrx_word' id='word_1_69' title='bbox 469 1339 532 1403; x_wconf 91' lang='lat' dir='ltr'><strong>qua</strong></span> <span class='ocrx_word' id='word_1_70' title='bbox 560 1317 716 1382; x_wconf 88' lang='lat' dir='ltr'><strong>oblivione</strong></span> <span class='ocrx_word' id='word_1_71' title='bbox 742 1317 977 1404; x_wconf 72' lang='lat' dir='ltr'><strong>interciperetur</strong></span> <span class='ocrx_word' id='word_1_72' title='bbox 1004 1316 1111 1380; x_wconf 72' lang='lat' dir='ltr'><strong>tabida</strong></span> <span class='ocrx_word' id='word_1_73' title='bbox 1130 1317 1216 1381; x_wconf 80' lang='lat' dir='ltr'><strong>cuim</strong></span> <span class='ocrx_word' id='word_1_74' title='bbox 1236 1317 1331 1381; x_wconf 91' lang='lat' dir='ltr'><strong>bodie</strong></span> 
     </span>
     <span class='ocr_line' id='line_1_10' title="bbox 115 1429 1330 1520; baseline 0 -26"><span class='ocrx_word' id='word_1_75' title='bbox 115 1431 265 1518; x_wconf 85' lang='lat' dir='ltr'><strong>reliquiae</strong></span> <span class='ocrx_word' id='word_1_76' title='bbox 285 1429 434 1519; x_wconf 82' lang='lat' dir='ltr'><strong>Lugduni</strong></span> <span class='ocrx_word' id='word_1_77' title='bbox 454 1439 577 1498; x_wconf 86' lang='lat' dir='ltr'><strong>exstant</strong></span> <span class='ocrx_word' id='word_1_78' title='bbox 598 1430 737 1514; x_wconf 85' lang='lat' dir='ltr'><strong>(Gruter.</strong></span> <span class='ocrx_word' id='word_1_79' title='bbox 759 1454 789 1520; x_wconf 91' lang='lat' dir='ltr'><strong>p.</strong></span> <span class='ocrx_word' id='word_1_80' title='bbox 808 1433 872 1497; x_wconf 80' lang='lat'><strong>502</strong></span> <span class='ocrx_word' id='word_1_81' title='bbox 894 1441 924 1496; x_wconf 86' lang='lat' dir='ltr'><strong>et</strong></span> <span class='ocrx_word' id='word_1_82' title='bbox 943 1429 1094 1496; x_wconf 86' lang='lat' dir='ltr'><strong>Boissiev.</strong></span> <span class='ocrx_word' id='word_1_83' title='bbox 1115 1433 1207 1496; x_wconf 86' lang='lat' dir='ltr'><strong>inser.</strong></span> <span class='ocrx_word' id='word_1_84' title='bbox 1227 1431 1330 1517; x_wconf 90' lang='lat' dir='ltr'><strong>Lugd.</strong></span> 
     </span>
     <span class='ocr_line' id='line_1_11' title="bbox 115 1545 1331 1634; baseline -0.002 -23"><span class='ocrx_word' id='word_1_85' title='bbox 115 1569 146 1634; x_wconf 91' lang='lat' dir='ltr'><strong>p.</strong></span> <span class='ocrx_word' id='word_1_86' title='bbox 170 1547 244 1632; x_wconf 87' lang='lat'>136)</span> <span class='ocrx_word' id='word_1_87' title='bbox 273 1545 469 1610; x_wconf 89' lang='lat' dir='ltr'><strong>incidendam</strong></span> <span class='ocrx_word' id='word_1_88' title='bbox 494 1555 653 1627; x_wconf 87' lang='lat' dir='ltr'><strong>curarent,</strong></span> <span class='ocrx_word' id='word_1_89' title='bbox 680 1545 843 1632; x_wconf 87' lang='lat' dir='ltr'><strong>vulgarem</strong></span> <span class='ocrx_word' id='word_1_90' title='bbox 869 1568 977 1611; x_wconf 90' lang='lat' dir='ltr'><strong>rursus</strong></span> <span class='ocrx_word' id='word_1_91' title='bbox 1001 1546 1155 1610; x_wconf 90' lang='lat' dir='ltr'><strong>scribendi</strong></span> <span class='ocrx_word' id='word_1_92' title='bbox 1179 1545 1331 1610; x_wconf 85' lang='lat' dir='ltr'><strong>rationem</strong></span> 
     </span>
     <span class='ocr_line' id='line_1_12' title="bbox 115 1657 1332 1747; baseline -0.002 -22"><span class='ocrx_word' id='word_1_93' title='bbox 115 1668 308 1747; x_wconf 81' lang='lat' dir='ltr'><strong>receperunt.</strong></span> <span class='ocrx_word' id='word_1_94' title='bbox 356 1658 564 1726; x_wconf 91' lang='lat' dir='ltr'><strong>Hosidianum</strong></span> <span class='ocrx_word' id='word_1_95' title='bbox 590 1669 694 1725; x_wconf 91' lang='lat' dir='ltr'><strong>autem</strong></span> <span class='ocrx_word' id='word_1_96' title='bbox 727 1660 766 1725; x_wconf 91' lang='lat' dir='ltr'><strong>de</strong></span> <span class='ocrx_word' id='word_1_97' title='bbox 800 1657 951 1726; x_wconf 78' lang='lat' dir='ltr'><strong>aedificiis</strong></span> <span class='ocrx_word' id='word_1_98' title='bbox 979 1660 1196 1747; x_wconf 81' lang='lat' dir='ltr'><strong>negotiationis</strong></span> <span class='ocrx_word' id='word_1_99' title='bbox 1224 1681 1332 1724; x_wconf 88' lang='lat' dir='ltr'><strong>caussa</strong></span> 
     </span>
     <span class='ocr_line' id='line_1_13' title="bbox 116 1771 1332 1862; baseline -0.001 -22"><span class='ocrx_word' id='word_1_100' title='bbox 116 1795 182 1840; x_wconf 85' lang='lat' dir='ltr'><strong>non</strong></span> <span class='ocrx_word' id='word_1_101' title='bbox 208 1772 365 1838; x_wconf 86' lang='lat' dir='ltr'><strong>diruendis</strong></span> <span class='ocrx_word' id='word_1_102' title='bbox 392 1771 512 1840; x_wconf 80' lang='lat' dir='ltr'><strong>SOtum</strong></span> <span class='ocrx_word' id='word_1_103' title='bbox 540 1775 626 1839; x_wconf 91' lang='lat' dir='ltr'><strong>cuius</strong></span> <span class='ocrx_word' id='word_1_104' title='bbox 654 1775 815 1862; x_wconf 78' lang='lat' dir='ltr'><strong>exemplar</strong></span> <span class='ocrx_word' id='word_1_105' title='bbox 848 1775 1038 1841; x_wconf 84' lang='lat' dir='ltr'><strong>Herculanci</strong></span> <span class='ocrx_word' id='word_1_106' title='bbox 1066 1775 1141 1840; x_wconf 90' lang='lat' dir='ltr'><strong>olim</strong></span> <span class='ocrx_word' id='word_1_107' title='bbox 1174 1783 1332 1862; x_wconf 86' lang='lat' dir='ltr'><strong>repertum</strong></span> 
     </span>
     <span class='ocr_line' id='line_1_14' title="bbox 116 1887 1332 1976; baseline 0 -24"><span class='ocrx_word' id='word_1_108' title='bbox 116 1888 211 1953; x_wconf 91' lang='lat' dir='ltr'><strong>hodie</strong></span> <span class='ocrx_word' id='word_1_109' title='bbox 245 1888 337 1976; x_wconf 89' lang='lat' dir='ltr'><strong>periit</strong></span> <span class='ocrx_word' id='word_1_110' title='bbox 371 1887 440 1970; x_wconf 89' lang='lat' dir='ltr'><strong>(Or.</strong></span> <span class='ocrx_word' id='word_1_111' title='bbox 467 1889 550 1955; x_wconf 80' lang='lat'>3115</span> <span class='ocrx_word' id='word_1_112' title='bbox 577 1899 609 1953; x_wconf 89' lang='lat' dir='ltr'><strong>et</strong></span> <span class='ocrx_word' id='word_1_113' title='bbox 633 1889 818 1955; x_wconf 88' lang='lat' dir='ltr'><strong>Mommsen.</strong></span> <span class='ocrx_word' id='word_1_114' title='bbox 845 1891 918 1956; x_wconf 87' lang='lat' dir='ltr'><strong>Act.</strong></span> <span class='ocrx_word' id='word_1_115' title='bbox 946 1911 1008 1954; x_wconf 89' lang='lat' dir='ltr'><strong>soe.</strong></span> <span class='ocrx_word' id='word_1_116' title='bbox 1036 1888 1080 1952; x_wconf 89' lang='lat' dir='ltr'><strong>lit.</strong></span> <span class='ocrx_word' id='word_1_117' title='bbox 1109 1888 1332 1955; x_wconf 80' lang='lat' dir='ltr'><strong>Saxon1852</strong></span> 
     </span>
     <span class='ocr_line' id='line_1_15' title="bbox 118 1996 1336 2090; baseline -0.003 -21"><span class='ocrx_word' id='word_1_118' title='bbox 118 2025 150 2090; x_wconf 85' lang='lat' dir='ltr'><strong>p.</strong></span> <span class='ocrx_word' id='word_1_119' title='bbox 170 1996 245 2089; x_wconf 78' lang='lat'>276)</span> <span class='ocrx_word' id='word_1_120' title='bbox 273 2001 360 2067; x_wconf 88' lang='lat' dir='ltr'><strong>nulla</strong></span> <span class='ocrx_word' id='word_1_121' title='bbox 387 2003 508 2067; x_wconf 86' lang='lat' dir='ltr'><strong>ratione</strong></span> <span class='ocrx_word' id='word_1_122' title='bbox 538 2003 580 2067; x_wconf 92' lang='lat' dir='ltr'><strong>ad</strong></span> <span class='ocrx_word' id='word_1_123' title='bbox 605 2026 723 2068; x_wconf 91' lang='lat' dir='ltr'><strong>annum</strong></span> <span class='ocrx_word' id='word_1_124' title='bbox 748 2005 808 2069; x_wconf 88' lang='lat'><strong>801</strong></span> <span class='ocrx_word' id='word_1_125' title='bbox 844 2005 978 2069; x_wconf 87' lang='lat' dir='ltr'><strong>refertur</strong></span> <span class='ocrx_word' id='word_1_126' title='bbox 1008 2003 1154 2089; x_wconf 80' lang='lat' dir='ltr'><strong>quoniam</strong></span> <span class='ocrx_word' id='word_1_127' title='bbox 1181 2001 1336 2066; x_wconf 81' lang='lat' dir='ltr'><strong>‘felicitati</strong></span> 
     </span>
     <span class='ocr_line' id='line_1_16' title="bbox 116 2116 1331 2207; baseline -0.001 -26"><span class='ocrx_word' id='word_1_128' title='bbox 116 2117 231 2182; x_wconf 86' lang='lat' dir='ltr'><strong>saeculi</strong></span> <span class='ocrx_word' id='word_1_129' title='bbox 251 2116 408 2181; x_wconf 83' lang='lat' dir='ltr'><strong>instantis&#39;</strong></span> <span class='ocrx_word' id='word_1_130' title='bbox 435 2117 532 2182; x_wconf 87' lang='lat' dir='ltr'><strong>verba</strong></span> <span class='ocrx_word' id='word_1_131' title='bbox 554 2140 636 2183; x_wconf 91' lang='lat' dir='ltr'><strong>anno</strong></span> <span class='ocrx_word' id='word_1_132' title='bbox 657 2119 718 2184; x_wconf 83' lang='lat'><strong>799</strong></span> <span class='ocrx_word' id='word_1_133' title='bbox 742 2119 846 2207; x_wconf 87' lang='lat' dir='ltr'><strong>potius</strong></span> <span class='ocrx_word' id='word_1_134' title='bbox 873 2140 968 2204; x_wconf 89' lang='lat' dir='ltr'><strong>quam</strong></span> <span class='ocrx_word' id='word_1_135' title='bbox 988 2141 1015 2180; x_wconf 87' lang='lat' dir='ltr'><strong>a.</strong></span> <span class='ocrx_word' id='word_1_136' title='bbox 1043 2118 1103 2182; x_wconf 90' lang='lat'><strong>801</strong></span> <span class='ocrx_word' id='word_1_137' title='bbox 1133 2116 1331 2198; x_wconf 88' lang='lat' dir='ltr'><strong>conveniunt,</strong></span> 
     </span>
    </p>
   </div>
   <div class='ocr_carea' id='block_1_3' title="bbox 118 2228 1434 2314">
    <p class='ocr_par' dir='ltr' id='par_1_3' title="bbox 118 2228 1434 2314">
     <span class='ocr_line' id='line_1_17' title="bbox 118 2228 1434 2314; baseline -0.001 -19"><span class='ocrx_word' id='word_1_138' title='bbox 118 2231 169 2295; x_wconf 90' lang='lat' dir='ltr'><strong>cui</strong></span> <span class='ocrx_word' id='word_1_139' title='bbox 188 2231 357 2295; x_wconf 87' lang='lat' dir='ltr'><strong>sententiae</strong></span> <span class='ocrx_word' id='word_1_140' title='bbox 377 2231 472 2296; x_wconf 89' lang='lat' dir='ltr'><strong>fidem</strong></span> <span class='ocrx_word' id='word_1_141' title='bbox 493 2232 586 2296; x_wconf 86' lang='lat' dir='ltr'><strong>etiam</strong></span> <span class='ocrx_word' id='word_1_142' title='bbox 607 2230 732 2298; x_wconf 84' lang='lat' dir='ltr'><strong>Cassius</strong></span> <span class='ocrx_word' id='word_1_143' title='bbox 747 2231 812 2297; x_wconf 88' lang='lat' dir='ltr'><strong>Dio</strong></span> <span class='ocrx_word' id='word_1_144' title='bbox 832 2233 906 2296; x_wconf 81' lang='lat' dir='ltr'><strong>facit</strong></span> <span class='ocrx_word' id='word_1_145' title='bbox 923 2231 985 2296; x_wconf 91' lang='lat' dir='ltr'><strong>LX</strong></span> <span class='ocrx_word' id='word_1_146' title='bbox 999 2233 1045 2307; x_wconf 78' lang='lat'><strong>20</strong></span> <span class='ocrx_word' id='word_1_147' title='bbox 1064 2231 1136 2314; x_wconf 76' lang='lat' dir='ltr'><strong>apio</strong></span> <span class='ocrx_word' id='word_1_148' title='bbox 1158 2229 1196 2306; x_wconf 82' lang='grc' dir='ltr'><strong>δὴ</strong></span> <span class='ocrx_word' id='word_1_149' title='bbox 1217 2230 1334 2300; x_wconf 77' lang='grc' dir='ltr'><strong><em>Γναῖος</em></strong></span> <span class='ocrx_word' id='word_1_150' title='bbox 1431 2228 1434 2242; x_wconf 83' lang='grc'><strong>“</strong></span> 
     </span>
    </p>
   </div>
   <div class='ocr_carea' id='block_1_4' title="bbox 101 2341 1437 3354">
    <p class='ocr_par' dir='ltr' id='par_1_4' title="bbox 115 2341 1336 2546">
     <span class='ocr_line' id='line_1_18' title="bbox 115 2341 1336 2429; baseline 0.002 -23"><span class='ocrx_word' id='word_1_151' title='bbox 115 2342 360 2415; x_wconf 75' lang='lat' dir='ltr'><strong>‘Ouidooe&#39;I&#39;e&#39;rae</strong></span> <span class='ocrx_word' id='word_1_152' title='bbox 373 2341 568 2416; x_wconf 70' lang='lat' dir='ltr'><strong>academicae</strong></span> <span class='ocrx_word' id='word_1_153' title='bbox 588 2344 703 2409; x_wconf 78' lang='grc' dir='ltr'><strong><em>ἁλῶναι</em></strong></span> <span class='ocrx_word' id='word_1_154' title='bbox 723 2343 819 2410; x_wconf 71' lang='lat' dir='ltr'><strong>iitrod&#39;</strong></span> <span class='ocrx_word' id='word_1_155' title='bbox 837 2346 934 2416; x_wconf 83' lang='grc' dir='ltr'><em>οὕτως</em></span> <span class='ocrx_word' id='word_1_156' title='bbox 954 2345 1055 2408; x_wconf 76' lang='grc' dir='ltr'><em>αὐτῶν</em></span> <span class='ocrx_word' id='word_1_157' title='bbox 1076 2341 1236 2429; x_wconf 74' lang='grc' dir='ltr'><strong><em>ἐκράτησεν</em></strong></span> <span class='ocrx_word' id='word_1_158' title='bbox 1258 2345 1336 2408; x_wconf 76' lang='grc' dir='ltr'><strong><em>ὥστε</em></strong></span> 
     </span>
     <span class='ocr_line' id='line_1_19' title="bbox 117 2459 993 2546; baseline 0.005 -24"><span class='ocrx_word' id='word_1_159' title='bbox 117 2461 169 2523; x_wconf 76' lang='grc' dir='ltr'><strong>καὶ</strong></span> <span class='ocrx_word' id='word_1_160' title='bbox 191 2461 280 2542; x_wconf 81' lang='grc' dir='ltr'><strong><em>τιμὰς</em></strong></span> <span class='ocrx_word' id='word_1_161' title='bbox 301 2461 468 2530; x_wconf 78' lang='grc' dir='ltr'><strong><em>ἐπινικίους</em></strong></span> <span class='ocrx_word' id='word_1_162' title='bbox 486 2461 592 2544; x_wconf 82' lang='grc' dir='ltr'><strong><em>καίπερ</em></strong></span> <span class='ocrx_word' id='word_1_163' title='bbox 616 2459 670 2546; x_wconf 80' lang='grc' dir='ltr'><strong>οὐχ</strong></span> <span class='ocrx_word' id='word_1_164' title='bbox 688 2459 863 2531; x_wconf 74' lang='grc' dir='ltr'><strong><em>ὑπατευκώς</em></strong></span> <span class='ocrx_word' id='word_1_165' title='bbox 882 2460 993 2541; x_wconf 76' lang='grc' dir='ltr'><strong><em>λαβεῖν.</em></strong></span> 
     </span>
    </p>

    <p class='ocr_par' dir='ltr' id='par_1_5' title="bbox 101 2573 1437 3354">
     <span class='ocr_line' id='line_1_20' title="bbox 201 2573 1336 2664; baseline -0.001 -25"><span class='ocrx_word' id='word_1_166' title='bbox 201 2573 341 2662; x_wconf 88' lang='lat' dir='ltr'><strong>Populus</strong></span> <span class='ocrx_word' id='word_1_167' title='bbox 360 2576 522 2664; x_wconf 88' lang='lat' dir='ltr'><strong>Romanus</strong></span> <span class='ocrx_word' id='word_1_168' title='bbox 548 2575 575 2638; x_wconf 91' lang='lat' dir='ltr'><strong>si</strong></span> <span class='ocrx_word' id='word_1_169' title='bbox 603 2597 682 2661; x_wconf 92' lang='lat' dir='ltr'><strong>quae</strong></span> <span class='ocrx_word' id='word_1_170' title='bbox 707 2575 831 2663; x_wconf 91' lang='lat' dir='ltr'><strong>publice</strong></span> <span class='ocrx_word' id='word_1_171' title='bbox 855 2576 951 2641; x_wconf 90' lang='lat' dir='ltr'><strong>literis</strong></span> <span class='ocrx_word' id='word_1_172' title='bbox 979 2576 1181 2663; x_wconf 86' lang='lat' dir='ltr'><strong>consignabat</strong></span> <span class='ocrx_word' id='word_1_173' title='bbox 1201 2576 1244 2640; x_wconf 91' lang='lat' dir='ltr'><strong>eis</strong></span> <span class='ocrx_word' id='word_1_174' title='bbox 1264 2597 1336 2662; x_wconf 69' lang='lat' dir='ltr'><strong>per-</strong></span> 
     </span>
     <span class='ocr_line' id='line_1_21' title="bbox 117 2689 1334 2756; baseline -0.002 -2"><span class='ocrx_word' id='word_1_175' title='bbox 117 2689 192 2755; x_wconf 92' lang='lat' dir='ltr'><strong>inde</strong></span> <span class='ocrx_word' id='word_1_176' title='bbox 209 2712 247 2754; x_wconf 93' lang='lat' dir='ltr'><strong>ac</strong></span> <span class='ocrx_word' id='word_1_177' title='bbox 260 2698 384 2755; x_wconf 88' lang='lat' dir='ltr'><strong>senatus</strong></span> <span class='ocrx_word' id='word_1_178' title='bbox 398 2711 496 2755; x_wconf 85' lang='lat' dir='ltr'><strong>novas</strong></span> <span class='ocrx_word' id='word_1_179' title='bbox 514 2689 618 2754; x_wconf 88' lang='lat' dir='ltr'><strong>literas</strong></span> <span class='ocrx_word' id='word_1_180' title='bbox 636 2690 785 2755; x_wconf 83' lang='lat' dir='ltr'><strong>adhibuit.</strong></span> <span class='ocrx_word' id='word_1_181' title='bbox 806 2691 845 2756; x_wconf 87' lang='lat' dir='ltr'><strong>cf.</strong></span> <span class='ocrx_word' id='word_1_182' title='bbox 859 2691 935 2756; x_wconf 88' lang='lat' dir='ltr'><strong>Tac.</strong></span> <span class='ocrx_word' id='word_1_183' title='bbox 950 2713 1021 2755; x_wconf 89' lang='lat' dir='ltr'><strong>ann.</strong></span> <span class='ocrx_word' id='word_1_184' title='bbox 1037 2689 1090 2755; x_wconf 90' lang='lat' dir='ltr'><strong>XI</strong></span> <span class='ocrx_word' id='word_1_185' title='bbox 1106 2690 1148 2754; x_wconf 90' lang='grc'><strong>14</strong></span> <span class='ocrx_word' id='word_1_186' title='bbox 1169 2689 1334 2756; x_wconf 80' lang='lat' dir='ltr'><strong>‘Claudius</strong></span> 
     </span>
     <span class='ocr_line' id='line_1_22' title="bbox 118 2803 1335 2894; baseline -0.003 -26"><span class='ocrx_word' id='word_1_187' title='bbox 118 2813 181 2868; x_wconf 88' lang='lat' dir='ltr'><strong>tres</strong></span> <span class='ocrx_word' id='word_1_188' title='bbox 198 2804 302 2870; x_wconf 87' lang='lat' dir='ltr'><strong>literas</strong></span> <span class='ocrx_word' id='word_1_189' title='bbox 323 2804 434 2870; x_wconf 90' lang='lat' dir='ltr'><strong>adiecit</strong></span> <span class='ocrx_word' id='word_1_190' title='bbox 454 2825 534 2892; x_wconf 89' lang='lat' dir='ltr'><strong>quae</strong></span> <span class='ocrx_word' id='word_1_191' title='bbox 555 2843 596 2854; x_wconf 87' lang='lat'>—</span> <span class='ocrx_word' id='word_1_192' title='bbox 617 2806 807 2894; x_wconf 86' lang='lat' dir='ltr'><strong>aspiciuntur</strong></span> <span class='ocrx_word' id='word_1_193' title='bbox 827 2807 920 2872; x_wconf 88' lang='lat' dir='ltr'><strong>etiam</strong></span> <span class='ocrx_word' id='word_1_194' title='bbox 939 2827 1023 2870; x_wconf 92' lang='lat' dir='ltr'><strong>nunc</strong></span> <span class='ocrx_word' id='word_1_195' title='bbox 1048 2807 1081 2869; x_wconf 91' lang='lat' dir='ltr'><strong>in</strong></span> <span class='ocrx_word' id='word_1_196' title='bbox 1109 2825 1181 2870; x_wconf 91' lang='lat' dir='ltr'><strong>aere</strong></span> <span class='ocrx_word' id='word_1_197' title='bbox 1200 2803 1335 2891; x_wconf 92' lang='lat' dir='ltr'><strong>publi-</strong></span> 
     </span>
     <span class='ocr_line' id='line_1_23' title="bbox 119 2917 1437 3008; baseline 0 -27"><span class='ocrx_word' id='word_1_198' title='bbox 119 2919 223 2983; x_wconf 88' lang='lat' dir='ltr'><strong>catis</strong></span> <span class='ocrx_word' id='word_1_199' title='bbox 243 2918 471 3005; x_wconf 86' lang='lat' dir='ltr'><strong>plebiscitis</strong></span> <span class='ocrx_word' id='word_1_200' title='bbox 491 2941 549 3005; x_wconf 92' lang='lat' dir='ltr'><strong>per</strong></span> <span class='ocrx_word' id='word_1_201' title='bbox 567 2917 637 2985; x_wconf 85' lang='lat' dir='ltr'><strong>fora</strong></span> <span class='ocrx_word' id='word_1_202' title='bbox 663 2943 700 2986; x_wconf 93' lang='lat' dir='ltr'><strong>ac</strong></span> <span class='ocrx_word' id='word_1_203' title='bbox 725 2921 843 3008; x_wconf 86' lang='lat' dir='ltr'><strong>templa</strong></span> <span class='ocrx_word' id='word_1_204' title='bbox 868 2921 953 2985; x_wconf 65' lang='lat' dir='ltr'><strong>fixo)</strong></span> <span class='ocrx_word' id='word_1_205' title='bbox 994 2920 1152 3000; x_wconf 79' lang='lat' dir='ltr'><strong>Quocirca</strong></span> <span class='ocrx_word' id='word_1_206' title='bbox 1178 2919 1204 2982; x_wconf 89' lang='lat' dir='ltr'><strong>is</strong></span> <span class='ocrx_word' id='word_1_207' title='bbox 1228 2918 1335 2982; x_wconf 82' lang='lat' dir='ltr'><strong>titulus</strong></span> <span class='ocrx_word' id='word_1_208' title='bbox 1435 2967 1437 2973; x_wconf 23' lang='lat'><strong>¹</strong></span> 
     </span>
     <span class='ocr_line' id='line_1_24' title="bbox 119 3015 1336 3123; baseline 0 -27"><span class='ocrx_word' id='word_1_209' title='bbox 119 3053 182 3118; x_wconf 92' lang='lat' dir='ltr'><strong>quo</strong></span> <span class='ocrx_word' id='word_1_210' title='bbox 209 3040 280 3119; x_wconf 89' lang='lat' dir='ltr'><strong>post</strong></span> <span class='ocrx_word' id='word_1_211' title='bbox 308 3015 494 3098; x_wconf 85' lang='lat' dir='ltr'><strong>Caratacum</strong></span> <span class='ocrx_word' id='word_1_212' title='bbox 521 3040 645 3123; x_wconf 78' lang='lat' dir='ltr'><strong>captum</strong></span> <span class='ocrx_word' id='word_1_213' title='bbox 671 3044 794 3100; x_wconf 80' lang='lat' dir='ltr'><strong>senatu</strong></span> <span class='ocrx_word' id='word_1_214' title='bbox 820 3035 1015 3122; x_wconf 89' lang='lat' dir='ltr'><strong>populusque</strong></span> <span class='ocrx_word' id='word_1_215' title='bbox 1043 3033 1203 3099; x_wconf 90' lang='lat' dir='ltr'><strong>Romanus</strong></span> <span class='ocrx_word' id='word_1_216' title='bbox 1223 3055 1251 3096; x_wconf 90' lang='lat' dir='ltr'><strong>a.</strong></span> <span class='ocrx_word' id='word_1_217' title='bbox 1273 3033 1336 3097; x_wconf 82' lang='lat'><strong>803</strong></span> 
     </span>
     <span class='ocr_line' id='line_1_25' title="bbox 119 3147 1335 3234; baseline -0.002 -20"><span class='ocrx_word' id='word_1_218' title='bbox 119 3147 287 3214; x_wconf 83' lang='lat' dir='ltr'><strong>Claudium</strong></span> <span class='ocrx_word' id='word_1_219' title='bbox 311 3148 466 3234; x_wconf 83' lang='lat' dir='ltr'><strong>prosecuti</strong></span> <span class='ocrx_word' id='word_1_220' title='bbox 493 3157 565 3212; x_wconf 86' lang='lat' dir='ltr'><strong>sunt</strong></span> <span class='ocrx_word' id='word_1_221' title='bbox 590 3149 779 3216; x_wconf 86' lang='lat' dir='ltr'><strong>Fabrettinis</strong></span> <span class='ocrx_word' id='word_1_222' title='bbox 808 3150 885 3232; x_wconf 82' lang='lat'><strong>728,</strong></span> <span class='ocrx_word' id='word_1_223' title='bbox 914 3149 976 3214; x_wconf 86' lang='grc'><strong>446</strong></span> <span class='ocrx_word' id='word_1_224' title='bbox 1012 3157 1044 3214; x_wconf 93' lang='lat' dir='ltr'><strong>et</strong></span> <span class='ocrx_word' id='word_1_225' title='bbox 1072 3147 1241 3216; x_wconf 89' lang='lat' dir='ltr'><strong>Orellianis</strong></span> <span class='ocrx_word' id='word_1_226' title='bbox 1272 3148 1335 3212; x_wconf 81' lang='lat'><strong>715</strong></span> 
     </span>
     <span class='ocr_line' id='line_1_26' title="bbox 101 3261 1203 3354; baseline -0.001 -28"><span class='ocrx_word' id='word_1_227' title='bbox 101 3261 341 3354; x_wconf 82' lang='lat' dir='ltr'><strong>supplementis</strong></span> <span class='ocrx_word' id='word_1_228' title='bbox 361 3263 492 3327; x_wconf 83' lang='lat' dir='ltr'><strong>servatis</strong></span> <span class='ocrx_word' id='word_1_229' title='bbox 512 3263 610 3328; x_wconf 80' lang='lat' dir='ltr'><strong>ferme</strong></span> <span class='ocrx_word' id='word_1_230' title='bbox 630 3263 715 3328; x_wconf 89' lang='lat' dir='ltr'><strong>hune</strong></span> <span class='ocrx_word' id='word_1_231' title='bbox 735 3263 915 3327; x_wconf 81' lang='lat' dir='ltr'><strong>in&#39;modum</strong></span> <span class='ocrx_word' id='word_1_232' title='bbox 935 3262 1120 3327; x_wconf 86' lang='lat' dir='ltr'><strong>reficiendus</strong></span> <span class='ocrx_word' id='word_1_233' title='bbox 1141 3269 1203 3327; x_wconf 85' lang='lat' dir='ltr'><strong>est:</strong></span> 
     </span>
    </p>
   </div>
   <div class='ocr_carea' id='block_1_5' title="bbox 202 3389 1123 3821">
    <p class='ocr_par' dir='ltr' id='par_1_6' title="bbox 202 3389 1012 3592">
     <span class='ocr_line' id='line_1_27' title="bbox 202 3389 1012 3479; baseline 0 -22"><span class='ocrx_word' id='word_1_234' title='bbox 202 3392 276 3457; x_wconf 80' lang='lat' dir='ltr'><strong>rr·</strong></span> <span class='ocrx_word' id='word_1_235' title='bbox 300 3389 539 3479; x_wconf 75' lang='lat' dir='ltr'><strong>cmvmro·</strong></span> <span class='ocrx_word' id='word_1_236' title='bbox 562 3392 724 3461; x_wconf 80' lang='lat' dir='ltr'><strong>oavsr·</strong></span> <span class='ocrx_word' id='word_1_237' title='bbox 747 3392 800 3458; x_wconf 82' lang='lat' dir='ltr'><strong>n·</strong></span> <span class='ocrx_word' id='word_1_238' title='bbox 825 3390 1012 3460; x_wconf 79' lang='lat' dir='ltr'><strong>omsanr</strong></span> 
     </span>
     <span class='ocr_line' id='line_1_28' title="bbox 202 3501 753 3592; baseline 0.009 -21"><span class='ocrx_word' id='word_1_239' title='bbox 202 3501 434 3592; x_wconf 61' lang='lat' dir='ltr'><strong>avevano</strong></span> <span class='ocrx_word' id='word_1_240' title='bbox 452 3536 459 3552; x_wconf 88' lang='lat'><strong>·</strong></span> <span class='ocrx_word' id='word_1_241' title='bbox 479 3502 753 3576; x_wconf 76' lang='lat' dir='ltr'><strong>ensunmco</strong></span> 
     </span>
    </p>

    <p class='ocr_par' dir='ltr' id='par_1_7' title="bbox 202 3616 1123 3821">
     <span class='ocr_line' id='line_1_29' title="bbox 202 3616 1029 3706; baseline 0.001 -22"><span class='ocrx_word' id='word_1_242' title='bbox 202 3616 471 3706; x_wconf 73' lang='lat' dir='ltr'><strong>connuncu-</strong></span> <span class='ocrx_word' id='word_1_243' title='bbox 493 3618 710 3687; x_wconf 74' lang='lat' dir='ltr'><strong>mutuo·</strong></span> <span class='ocrx_word' id='word_1_244' title='bbox 733 3621 817 3687; x_wconf 78' lang='lat' dir='ltr'><strong>ra·</strong></span> <span class='ocrx_word' id='word_1_245' title='bbox 840 3620 954 3688; x_wconf 78' lang='lat' dir='ltr'><strong>Por·</strong></span> <span class='ocrx_word' id='word_1_246' title='bbox 977 3619 1029 3685; x_wconf 82' lang='lat' dir='ltr'><strong>xr</strong></span> 
     </span>
     <span class='ocr_line' id='line_1_30' title="bbox 203 3731 1123 3821; baseline -0.003 -20"><span class='ocrx_word' id='word_1_247' title='bbox 203 3732 289 3801; x_wconf 89' lang='lat' dir='ltr'><strong>oos</strong></span> <span class='ocrx_word' id='word_1_248' title='bbox 309 3767 316 3782; x_wconf 86' lang='lat'><em>-</em></span> <span class='ocrx_word' id='word_1_249' title='bbox 340 3732 397 3797; x_wconf 85' lang='lat' dir='ltr'><strong>v·</strong></span> <span class='ocrx_word' id='word_1_250' title='bbox 419 3731 538 3821; x_wconf 69' lang='lat' dir='ltr'><strong>mm·</strong></span> <span class='ocrx_word' id='word_1_251' title='bbox 561 3734 726 3800; x_wconf 83' lang='lat' dir='ltr'><strong>xxnn·</strong></span> <span class='ocrx_word' id='word_1_252' title='bbox 748 3733 910 3800; x_wconf 74' lang='lat' dir='ltr'><strong>parm·</strong></span> <span class='ocrx_word' id='word_1_253' title='bbox 933 3732 1123 3799; x_wconf 76' lang='lat' dir='ltr'><strong>raram</strong></span> 
     </span>
    </p>
   </div>
   <div class='ocr_carea' id='block_1_6' title="bbox 140 3841 1335 4397">
    <p class='ocr_par' dir='ltr' id='par_1_8' title="bbox 140 3841 1335 4397">
     <span class='ocr_line' id='line_1_31' title="bbox 140 3841 1148 3936; baseline 0.001 -24"><span class='ocrx_word' id='word_1_254' title='bbox 140 3849 161 3912; x_wconf 81' lang='lat'>5</span> <span class='ocrx_word' id='word_1_255' title='bbox 204 3841 430 3914; x_wconf 75' lang='lat' dir='ltr'><strong>SENATVS·</strong></span> <span class='ocrx_word' id='word_1_256' title='bbox 453 3846 729 3936; x_wconf 66' lang='lat' dir='ltr'><strong>POPWLVSQ·</strong></span> <span class='ocrx_word' id='word_1_257' title='bbox 751 3846 996 3916; x_wconf 84' lang='lat' dir='ltr'><strong>ROMANVS·</strong></span> <span class='ocrx_word' id='word_1_258' title='bbox 1020 3847 1148 3926; x_wconf 81' lang='lat' dir='ltr'>QVOD</span> 
     </span>
     <span class='ocr_line' id='line_1_32' title="bbox 202 3959 1147 4050; baseline 0.001 -23"><span class='ocrx_word' id='word_1_259' title='bbox 202 3959 350 4027; x_wconf 82' lang='lat' dir='ltr'><strong>REGES</strong></span> <span class='ocrx_word' id='word_1_260' title='bbox 370 3961 678 4050; x_wconf 80' lang='lat' dir='ltr'><strong>BBIT[ANNIAI·</strong></span> <span class='ocrx_word' id='word_1_261' title='bbox 701 3961 1018 4030; x_wconf 78' lang='lat' dir='ltr'><strong>PERDVELLES·</strong></span> <span class='ocrx_word' id='word_1_262' title='bbox 1043 3960 1147 4029; x_wconf 83' lang='lat' dir='ltr'>SINE</span> 
     </span>
     <span class='ocr_line' id='line_1_33' title="bbox 202 4073 1335 4164; baseline 0.001 -24"><span class='ocrx_word' id='word_1_263' title='bbox 202 4073 324 4140; x_wconf 88' lang='lat' dir='ltr'><strong>VLLA</strong></span> <span class='ocrx_word' id='word_1_264' title='bbox 339 4099 347 4114; x_wconf 93' lang='lat'><strong>·</strong></span> <span class='ocrx_word' id='word_1_265' title='bbox 360 4074 577 4164; x_wconf 70' lang='lat' dir='ltr'>IAOTVfflA</span> <span class='ocrx_word' id='word_1_266' title='bbox 593 4101 600 4115; x_wconf 90' lang='lat'><strong>·</strong></span> <span class='ocrx_word' id='word_1_267' title='bbox 615 4076 824 4145; x_wconf 82' lang='lat' dir='ltr'><strong>SVORVM·</strong></span> <span class='ocrx_word' id='word_1_268' title='bbox 841 4076 1062 4152; x_wconf 64' lang='lat' dir='ltr'><strong>caerulos</strong></span> <span class='ocrx_word' id='word_1_269' title='bbox 1080 4102 1087 4116; x_wconf 94' lang='lat'><strong>·</strong></span> <span class='ocrx_word' id='word_1_270' title='bbox 1102 4075 1335 4142; x_wconf 86' lang='lat' dir='ltr'><strong>HABVERIT</strong></span> 
     </span>
     <span class='ocr_line' id='line_1_34' title="bbox 204 4188 1199 4278; baseline 0.001 -23"><span class='ocrx_word' id='word_1_271' title='bbox 204 4188 440 4268; x_wconf 75' lang='lat' dir='ltr'><strong>GENTESQ.</strong></span> <span class='ocrx_word' id='word_1_272' title='bbox 464 4189 719 4278; x_wconf 53' lang='lat' dir='ltr'><strong>extenuas</strong></span> <span class='ocrx_word' id='word_1_273' title='bbox 738 4225 745 4240; x_wconf 92' lang='lat'><strong>·</strong></span> <span class='ocrx_word' id='word_1_274' title='bbox 769 4191 903 4259; x_wconf 85' lang='lat' dir='ltr'>ORBIS</span> <span class='ocrx_word' id='word_1_275' title='bbox 920 4223 937 4256; x_wconf 65' lang='lat'><strong>·,</strong></span> <span class='ocrx_word' id='word_1_276' title='bbox 951 4191 1199 4257; x_wconf 77' lang='lat' dir='ltr'><strong>TERRARVM</strong></span> 
     </span>
     <span class='ocr_line' id='line_1_35' title="bbox 202 4303 1296 4397; baseline 0.002 -30"><span class='ocrx_word' id='word_1_277' title='bbox 202 4303 397 4372; x_wconf 84' lang='lat' dir='ltr'><strong>PRIMVS·</strong></span> <span class='ocrx_word' id='word_1_278' title='bbox 420 4304 733 4394; x_wconf 82' lang='lat' dir='ltr'><strong>INDIOIO[NEM·</strong></span> <span class='ocrx_word' id='word_1_279' title='bbox 755 4307 868 4374; x_wconf 92' lang='lat' dir='ltr'><strong>POP·</strong></span> <span class='ocrx_word' id='word_1_280' title='bbox 891 4306 1014 4397; x_wconf 87' lang='lat' dir='ltr'><strong>ROM·</strong></span> <span class='ocrx_word' id='word_1_281' title='bbox 1036 4304 1296 4371; x_wconf 81' lang='lat' dir='ltr'><strong>REDEGERIT</strong></span> 
     </span>
    </p>
   </div>
   <div class='ocr_carea' id='block_1_7' title="bbox 119 4431 1335 4711">
    <p class='ocr_par' dir='ltr' id='par_1_9' title="bbox 119 4431 1335 4711">
     <span class='ocr_line' id='line_1_36' title="bbox 203 4431 1335 4522; baseline -0.002 -22"><span class='ocrx_word' id='word_1_282' title='bbox 203 4431 239 4500; x_wconf 78' lang='lat' dir='ltr'><strong>Si</strong></span> <span class='ocrx_word' id='word_1_283' title='bbox 254 4436 282 4498; x_wconf 93' lang='lat' dir='ltr'><strong>ei</strong></span> <span class='ocrx_word' id='word_1_284' title='bbox 295 4435 484 4522; x_wconf 87' lang='lat' dir='ltr'><strong>inscriptioni</strong></span> <span class='ocrx_word' id='word_1_285' title='bbox 500 4435 594 4501; x_wconf 88' lang='lat' dir='ltr'><strong>fidem</strong></span> <span class='ocrx_word' id='word_1_286' title='bbox 607 4438 812 4503; x_wconf 89' lang='lat' dir='ltr'><strong>tribueremus</strong></span> <span class='ocrx_word' id='word_1_287' title='bbox 830 4458 910 4522; x_wconf 90' lang='lat' dir='ltr'><strong>quae</strong></span> <span class='ocrx_word' id='word_1_288' title='bbox 923 4436 1006 4522; x_wconf 88' lang='lat' dir='ltr'><strong>apud</strong></span> <span class='ocrx_word' id='word_1_289' title='bbox 1020 4436 1192 4502; x_wconf 81' lang='lat' dir='ltr'><strong>Gruterum</strong></span> <span class='ocrx_word' id='word_1_290' title='bbox 1203 4437 1281 4518; x_wconf 81' lang='lat'><strong>236,</strong></span> <span class='ocrx_word' id='word_1_291' title='bbox 1298 4438 1335 4498; x_wconf 94' lang='lat'><strong>11</strong></span> 
     </span>
     <span class='ocr_line' id='line_1_37' title="bbox 119 4548 248 4633; baseline 0.016 -23"><span class='ocrx_word' id='word_1_292' title='bbox 119 4548 248 4633; x_wconf 88' lang='lat' dir='ltr'><strong>legitur:</strong></span> 
     </span>
     <span class='ocr_line' id='line_1_38' title="bbox 1129 4649 1172 4711; baseline 0 -25"><span class='ocrx_word' id='word_1_293' title='bbox 1129 4649 1172 4711; x_wconf 70' lang='grc'><strong>3*</strong></span> 
     </span>
    </p>
   </div>
   <div class='ocr_carea' id='block_1_8' title="bbox 0 0 1466 5122">
    <p class='ocr_par' dir='ltr' id='par_1_10' title="bbox 0 0 1466 5122">
     <span class='ocr_line' id='line_1_39' title="bbox 0 0 1466 5122; baseline 0 0"><span class='ocrx_word' id='word_1_294' title='bbox 0 0 1466 5122; x_wconf 95' lang='lat' dir='ltr'><strong> </strong></span> 
     </span>
    </p>
   </div>
  </div>
 </body>
</html>
