2932 5124
740 247 782 321 10

632 338 886 348 *ᾑ-

154 483 226 527 nam
255 460 352 525 multo
380 459 555 526 molliorem
585 468 615 524 et
641 449 859 525 bolubiliorem
888 482 996 527 sonum
1026 462 1119 526 habet
1145 467 1180 524 Ψ
1199 484 1292 548 quum
1312 462 1369 535 PS

155 575 207 640 vel
220 573 284 641 BS.
312 574 519 654 Euctemon,
541 574 573 638 id
597 583 642 639 est
655 571 727 655 ΒΕ,
747 597 811 640 non
832 575 907 640 alias
929 577 1044 642 debent
1063 577 1139 663 poni
1158 601 1215 664 pro
1243 583 1284 661 Ψ,
1306 580 1368 645 hoe

155 691 258 756 estin
288 690 398 756 eadem
424 690 547 776 syllaba
572 690 770 771 coniunctae,
805 690 864 754 nisi
897 693 930 755 in
964 692 1028 759 fine
1055 692 1252 775 nominativi,
1282 695 1369 761 ouius

153 806 317 890 genetivus
350 806 382 868 in
409 805 456 868 bis
488 804 614 887 desinit,
646 815 679 870 ut
707 807 781 871 iubs
809 806 911 888 urbis,
944 806 1066 873 caelebs
1091 807 1232 890 caelibis,
1262 810 1369 879 Arabs

155 920 289 986 Arabis!
318 919 514 1005 ‘antisigma'
534 920 567 983 in
590 921 773 987 Amienensi
795 930 825 987 et
845 921 1111 988 Halberstadiensi
1131 922 1218 989 libris
1240 945 1305 991 esse
1327 947 1368 991 ex

154 1035 276 1101 Hertzii
307 1036 504 1120 consequitur
538 1036 669 1101 silentio.
718 1036 876 1103 Parisinus
910 1037 991 1102 7496
1027 1037 1199 1104 ‘antisima'
1233 1040 1369 1123 exhibet,

154 1151 394 1237 Bambergensis
429 1149 676 1217 Caroliruhensis
711 1154 773 1218 223
806 1152 965 1217 Parisinus
998 1153 1079 1217 7496
1107 1174 1168 1218 see
1197 1175 1238 1216 m.
1263 1156 1370 1220 ·‘anti-

153 1267 286 1348 simma,'
322 1263 535 1352 Sangallensis
570 1267 800 1347 ‘antissimma,'
832 1266 1051 1353 Lugdunensis
1084 1247 1259 1336 ‘antistita’
1314 1270 1370 1338 00

154 1382 289 1468 figuram
310 1381 469 1447 Parisinus
498 1381 581 1447 7496
605 1402 665 1446 see.
694 1403 735 1444 m.
765 1381 906 1461 tradidit,
933 1379 999 1451 0-0
1024 1382 1108 1453 idem
1136 1407 1182 1471 pr.
1209 1407 1251 1450 m.
1279 1386 1370 1453 Ami-

153 1497 275 1562 enensis
296 1495 593 1578 Halberstadicnsis,
614 1518 636 1559 x
656 1479 705 1566 oud
725 1495 976 1582 Bambergensis.

236 1611 295 1675 His
317 1612 412 1697 igitur
432 1611 582 1677 Prisciani
610 1611 712 1676 verbis
740 1610 915 1677 Romanam
939 1611 1061 1680 literam
1090 1611 1256 1680 Claudium
1285 1615 1370 1681 inve

155 1728 235 1792 nisse
261 1733 295 1788 Ψ
313 1728 455 1793 Graecae
474 1747 582 1812 parem
603 1736 678 1813 puto
699 1726 896 1793 intellectum
938 1727 1007 1793 Neo
1027 1729 1128 1794 minus
1149 1738 1290 1815 apertum
1312 1731 1372 1806 erit

154 1852 342 1930 quapropter
362 1842 449 1906 illam
468 1841 711 1921 notamCaesar
731 1842 909 1908 literaturae
929 1843 1091 1910 addiderit.
1118 1841 1147 1907 E
1167 1844 1266 1911 tribus
1286 1845 1371 1910 euim

153 1959 248 2024 literis
271 1957 443 2046 duplicibus
465 1958 575 2043 quibus
598 1956 713 2023 Graeci
735 1958 900 2023 utebantur
919 1957 951 2025 Ξ
968 1957 1089 2025 literam
1103 1959 1206 2044 quoad
1225 1958 1371 2027 Latinam

152 2073 294 2158 linguam
323 2073 502 2160 longissime
526 2094 689 2159 possumus
717 2073 872 2159 respicere
898 2095 960 2138 una
985 2072 1019 2139 X
1038 2074 1140 2159 figura
1160 2073 1294 2141 Romani
1314 2097 1371 2140 no-

152 2189 269 2252 tabant.
308 2188 433 2255 Deinde
453 2193 483 2249 Ζ
501 2210 609 2253 vocem
631 2189 845 2275 quamprimo
874 2212 893 2253 a
922 2188 1051 2256 Graecis
1078 2189 1272 2276 adsumptam
1299 2200 1372 2276 post

153 2325 192 2368 ex
229 2303 388 2368 literarum
421 2303 531 2369 ordine
565 2305 748 2391 expulerant
781 2313 947 2390 antequam
975 2325 992 2370 e
1019 2305 1126 2392 populi
1151 2305 1291 2372 libertate
1318 2293 1371 2370 res

152 2419 277 2506 publica
297 2419 329 2483 in
353 2419 523 2486 Caesarum
550 2419 789 2484 dominationem
817 2420 908 2484 vertit
937 2419 1049 2484 iterum
1076 2429 1272 2506 receperunt.
1315 2419 1371 2487 Id·

151 2536 235 2599 circo
258 2536 350 2600 etiam
369 2535 491 2600 tertiam
513 2535 667 2622 duplicem
695 2539 730 2597 Ψ
754 2556 849 2631 quam
879 2532 993 2600 Graeci
1021 2532 1177 2599 habebant
1201 2535 1235 2599 in
1256 2536 1371 2601 Roma
1415 2581 1419 2590 ·

152 2674 264 2716 narum
285 2651 442 2716 literanum
463 2673 628 2715 numerum
649 2649 821 2714 adsciscere
842 2648 975 2714 Claudio
1002 2648 1103 2715 visum
1129 2660 1184 2720 est.
1225 2652 1370 2719 Alteram

153 2768 305 2831 rationem
332 2790 351 2831 a
378 2767 539 2831 Prisciano
568 2766 702 2831 adlatam
730 2763 815 2851 quod
848 2764 962 2829 ‘multo
980 2764 1166 2831 ,molliorem
1191 2775 1223 2831 et
1250 2766 1369 2835 volubi-

152 2882 263 2946 liorem
290 2904 399 2947 sonum
434 2887 470 2943 Ψ
486 2882 615 2946 haberet
643 2902 738 2965 quam
764 2877 819 2947 Ps
839 2879 890 2944 uel
911 2877 982 2946 BS'
1009 2901 1060 2945 me
1088 2879 1187 2945 fateor
1211 2902 1274 2946 non
1302 2903 1371 2946 esse

151 2998 347 3089 adsecutum,
368 3008 399 3063 et
417 2999 539 3063 videtur
551 2996 702 3061 Prisciani
723 3005 947 3079 commentum,
970 3017 1043 3062 uam
1064 2995 1096 3059 in
1113 2995 1212 3076 Ἄψος
1232 2997 1369 3084 ‘Apsus'

153 3123 184 3178 et
211 3111 364 3195 ἀψίνθιον
391 3113 611 3177 ‘absinthium’
644 3112 712 3197 quis
740 3110 856 3177 diversi
882 3113 951 3177 soni
978 3133 1115 3196 unquam
1143 3111 1237 3177 fuisse
1266 3112 1370 3179 credet

159 3235 195 3291 Ψ
210 3238 241 3294 et
262 3225 313 3294 ΡΒ
336 3229 387 3292 vel
408 3225 485 3293 BS?

236 3333 401 3423 Quaenam
422 3342 572 3410 Claudius
594 3342 691 3407 verba
719 3364 801 3407 nova
823 3343 882 3406 hac
909 3342 998 3408 litera
1025 3342 1118 3411 scribi
1146 3342 1280 3412 voluerit
1300 3365 1370 3411 eum

124 3472 132 3484 ·
150 3460 346 3547 quaerimus,
367 3481 432 3523 non
451 3456 505 3524 ΡΒ
519 3457 613 3523 modo
633 3458 719 3524 vocis
739 3458 807 3523 vice
827 3457 992 3544 antisigma
1012 3458 1152 3527 fuscum
1173 3479 1239 3528 esse
1259 3480 1370 3526 censeo

150 3577 320 3641 sedetiam
342 3572 413 3657 ΒΕ,
442 3597 537 3660 quam
565 3573 605 3638 ad
625 3574 808 3639 sententiam
831 3571 1040 3641 Schneiderus
1061 3597 1186 3660 quoque
1206 3584 1369 3659 grammat.

152 3692 205 3756 iat.
234 3690 252 3754 I
278 3714 308 3777 p.
328 3691 390 3755 219
416 3713 450 3755 se
471 3688 639 3754 inclinavit.
681 3687 756 3759 Non
778 3689 903 3774 quidem
922 3690 1017 3755 mirer
1037 3689 1063 3751 si
1082 3688 1190 3773 quise
1209 3686 1369 3752 Prisciano

152 3807 280 3892 colligat
306 3803 361 3871 BS
386 3806 455 3870 voci
481 3804 645 3890 antisigma
673 3826 737 3868 non
766 3804 909 3869 serviisse
936 3793 1010 3869 ‘nisi
1037 3802 1070 3866 in
1090 3801 1154 3868 fine
1178 3800 1369 3883 nominativi,

152 3923 238 3988 euius
259 3922 422 4009 genetivus
444 3921 475 3984 in
497 3921 544 3984 bis
573 3921 700 4002 desinit,
728 3928 763 3984 ut
790 3919 865 3983 urbs
892 3918 1003 3999 urbis',
1028 3916 1174 4002 quoniam
1202 3938 1266 3983 non
1294 3917 1370 3982 alias

151 4040 285 4104 debeant
305 4060 363 4124 pro
390 4042 426 4097 Ψ
449 4037 525 4124 poni
551 4035 606 4103 ΒΕ
634 4036 667 4100 in
695 4035 803 4102 eadem
824 4034 946 4120 syllaba
966 4032 1169 4119 coniunctae„
1198 4035 1244 4099 At
1263 4033 1370 4120 inepti·

153 4155 234 4219 visse
254 4154 432 4217 Priscianus
450 4153 574 4218 videtur
594 4174 664 4216 eum
684 4172 748 4215 non
770 4150 803 4214 in
823 4150 929 4217 ‘urbs'
951 4157 982 4213 et
1002 4130 1153 4215 ‘caelebs'
1174 4158 1205 4215 et
1219 4149 1369 4218 similibus

151 4279 288 4352 tantum,
320 4291 429 4333 verum
461 4268 552 4332 etiam
580 4267 613 4331 in
641 4265 727 4329 ‘abs'
754 4274 786 4330 et
818 4264 1007 4351 ‘abscondo'
1043 4274 1073 4329 et
1107 4265 1139 4331 id
1174 4286 1273 4351 genus
1300 4264 1369 4328 aliis

152 4385 311 4450 vocabulis
336 4385 364 4450 B
388 4394 418 4449 et
440 4382 464 4449 S
490 4404 553 4446 una
581 4380 703 4466 syllaba
731 4380 888 4467 copulatas
903 4367 953 4441 'up
977 4380 1046 4446 voci
1074 4380 1269 4466 respondisse
1295 4377 1369 4443 inde

153 4500 243 4565 liceat
265 4501 436 4565 coniectare
458 4497 541 4584 quod
570 4496 657 4582 ‘aps'
679 4505 710 4560 et
730 4496 919 4583 ‘apscondo'
946 4505 977 4563 et
998 4495 1174 4580 huiusmodi
1201 4486 1372 4581 scripturas
