2902 5122
742 295 763 376 2

147 511 259 575 artium
280 518 371 597 atquc
390 510 530 574 doctrina
551 510 609 573 sibi
629 509 867 590 constituerunt,
898 508 1046 575 Claudius
1067 512 1202 577 maxime
1223 513 1362 597 Augusti

147 627 272 692 nomine
299 625 497 711 potentiaque
517 624 710 711 imperatoris
736 633 770 688 ut
796 624 921 689 inventa
949 649 1004 690 sua
1032 625 1134 711 quoad
1161 638 1307 712 regnaret
1327 628 1361 688 in

147 763 205 805 usu
219 747 320 806 essent
334 739 474 804 obtinuit.
502 739 626 804 Deinde
647 739 719 826 quia
739 739 842 802 multis
859 742 951 805 robus
966 741 1088 828 publice
1102 740 1196 826 gestis
1217 742 1360 804 insanum

147 877 181 919 se
197 854 347 920 Claudius
366 866 396 920 et
416 863 570 920 amentem
590 855 779 940 praestabat,
802 855 892 919 etiam
914 877 950 919 ea
970 877 1049 941 quae
1070 856 1150 920 bene
1168 857 1361 940 scienterque

147 970 218 1034 fecit
245 971 521 1035 contemnebantur
548 978 583 1033 et¹
611 990 668 1055 pro
703 969 801 1033 nihilo
832 969 1031 1033 ducebantur.
1088 970 1170 1034 Tum
1196 972 1361 1055 Augustea

147 1094 246 1151 aetate
265 1085 305 1148 ad
326 1107 394 1150 eam
409 1083 520 1148 Latina
539 1083 648 1170 lingua
665 1084 890 1148 absolutionem
910 1084 1191 1171 perfectionemque
1211 1084 1362 1170 perducta

148 1208 228 1280 erat,
258 1208 293 1263 ut
319 1220 478 1285 nunquam
506 1209 614 1286 postea
640 1198 770 1285 singulis
792 1199 991 1283 ¹contingeret
1021 1199 1095 1263 viris
1129 1200 1280 1285 gravitate
1309 1201 1361 1263 vel

148 1315 328 1380 auctoritate
352 1314 556 1400 pollentibus,
591 1323 626 1378 ut
658 1314 685 1378 si
712 1333 792 1400 quae
820 1313 1018 1399 corrigebant
1052 1334 1089 1378 eo
1121 1325 1222 1379 more‘
1235 1324 1361 1401 recepta

94 1461 97 1469 »
148 1429 416 1494 inveterascercnt.
467 1462 472 1467 ·
730 1505 732 1510 ,

231 1543 423 1610 Claudianae
441 1545 600 1609 literarum
620 1545 741 1609 formae
759 1545 1180 1632 postquam‘asuperioribus
1192 1544 1361 1632 philologis

147 1659 261 1745 purtim
282 1660 442 1746 neglectae
469 1660 594 1724 omnino
620 1661 732 1747 partim
752 1681 903 1746 perquam
923 1662 1060 1725 breviter
1080 1660 1259 1746 perstrictae
1279 1668 1361 1740 sant,

148 1782 182 1837 ut
201 1775 371 1838 accuratius
393 1774 551 1860 aliquanto
573 1776 849 1862 investigarentur,
869 1775 1125 1862 philosophorum
1146 1776 1179 1836 in
1200 1775 1361 1839 Bonnensi

146 1885 304 1952 academia
325 1889 403 1953 ordo
424 1911 523 1978 nuper
543 1891 700 1976 proposita
720 1891 776 1955 ‘de
797 1890 845 1955 Ti.
860 1889 992 1956 Claudio
1007 1890 1141 1957 Caesare
1157 1891 1360 1975 grammatico

148 1989 388 2090 otautiquariol
413 2005 595 2090 quaestione
620 2015 728 2070 auctor
754 2004 820 2069 fuit
871 2005 968 2070 Cuius
996 2005 1164 2069 solvendae
1178 2005 1360 2090 ,periculum

147 2116 284 2182 facturus
298 2141 390 2204 quem
403 2114 547 2184 libellum
561 2120 745 2207 conscripsi,
767 2142 838 2184 cum
852 2130 982 2185 ornatus
995 2120 1134 2206 praemio
1146 2119 1201 2201 sit,
1221 2121 1361 2183 emittere

146 2233 284 2297 nuncin
303 2233 416 2320 vulgus
437 2254 474 2298 ec
502 2234 605 2298 minus
626 2235 749 2316 dubito,
775 2235 859 2320 quod
884 2236 1013 2300 fortasse
1040 2235 1171 2300 aliorum
1199 2235 1252 2320 qui
1278 2234 1361 2297 circa

146 2348 379 2434 grammaticam
407 2356 439 2412 et
473 2349 704 2435 epigraphieam
737 2359 818 2414 artes
853 2359 1015 2414 versantur
1052 2349 1152 2415 studia
1186 2350 1361 2429 concitabit,

147 2462 259 2551 quibus
279 2471 314 2527 ut
335 2458 375 2528 ab
396 2463 481 2528 omni
501 2473 589 2550 parte
609 2484 659 2528 res
679 2462 868 2550 transigatur
896 2482 973 2552 opus
993 2472 1049 2530 est.
1098 2462 1210 2550 Siquid
1232 2486 1305 2528 vero
1322 2464 1360 2526 -in

147 2578 208 2643 h‘oo
228 2570 336 2643 libello
353 2578 544 2658 bouiinest,
571 2577 603 2642 id
632 2596 727 2644 omno
749 2580 898 2667 profiteor
924 2579 1085 2655 Friderico
1112 2599 1164 2643 me
1189 2579 1360 2644 Bitscholio

148 2694 277 2775 debere,
297 2693 352 2779 qui
372 2714 444 2757 cum
464 2714 539 2757 sana
559 2693 719 2781 disciplina
746 2695 947 2780 grammatica
973 2693 1150 2758 huiusmodi
1177 2701 1361 2777 argumenta

107 2790 114 2803 ’
149 2832 210 2894 qua
234 2805 355 2872 rationo
381 2809 542 2872 nudanda
566 2782 669 2873 ¹forant
696 2823 748 2873 me
775 2807 954 2888 instituerit,
979 2816 1047 2870 tum
1073 2807 1186 2871 idonea
1212 2807 1251 2869 ad
1279 2807 1360 2869 hanc

148 2925 246 3010 ipsam
268 2923 478 3008 quaestionem
499 2922 634 2996 subsidia
653 2925 788 3010 benigna
808 2922 884 2986 mihi
904 2921 1088 3007 liberalitate
1105 2920 1358 2986 accommodavit.
