2902 5122
705 287 753 361 83

598 379 852 389 -ι--ι--ιι--ι-

117 523 190 568 nam
211 512 243 566 et
262 501 370 566 Velius
389 523 420 588 p.
442 501 524 565 2219
545 500 582 564 Ρ.
605 505 692 564 ‘euru
715 501 857 564 dicimus'
878 500 978 587 inquit
999 500 1158 564 ‘virtutem
1178 509 1208 565 et
1229 502 1331 564 virum

115 616 229 709 saltem
256 614 417 681 consulem
444 614 622 701 Scipionem
650 637 733 697 esse,
758 617 937 702 pervenisse
962 616 1027 678 fere
1058 615 1096 678 ad
1126 634 1215 678 aures
1244 636 1331 700 pere·

116 733 240 819 gainam
258 731 380 795 literam
408 728 455 817 [Y
477 728 643 817 Graecam]
672 729 826 793 invenies'
853 738 884 793 et
910 729 1086 794 Priscianus
1113 728 1230 811 12‚6
1257 753 1287 816 p.
1310 730 1329 791 7

117 845 226 910 Hertz.
245 845 328 909 idem
348 845 397 908 his
419 830 521 908 verbis
541 851 670 908 testatur
691 843 772 907 ‘etI
792 843 917 929 quidem
939 844 1063 930 quando
1084 852 1153 931 post
1173 843 1204 908 V
1224 858 1332 908 conso-

116 968 242 1024 nantem
256 959 325 1024 loco
342 959 499 1044 Qamma
515 959 653 1024 functam
667 957 790 1022 Aeolici
803 959 929 1044 ponitur
938 959 1058 1041 brevis,
1075 957 1264 1045 sequenteD
1280 957 1332 1020 vel

116 1073 152 1138 M
174 1074 225 1139 vel
245 1073 276 1138 R
297 1072 350 1137 vel
370 1073 398 1136 T
421 1073 472 1137 vel
488 1072 538 1156 X,
559 1094 671 1137 sonum
694 1075 722 1131 Y
734 1070 875 1138 Graecae
892 1072 1015 1137 videtur
1031 1074 1168 1156 habere,'
1185 1082 1219 1138 ut
1240 1074 1331 1138 video

116 1187 182 1251 vim
202 1188 299 1251 virtus
317 1188 425 1251 vitium
446 1187 518 1250 vix!
539 1189 577 1251 cf.
593 1184 762 1251 Diomedes
780 1208 810 1272 p.
825 1187 903 1269 416,
924 1186 1069 1251 Donatus
1091 1211 1121 1274 p.
1143 1189 1224 1254 1735
1246 1187 1332 1273 (Ser-

115 1303 187 1389 gius
206 1325 237 1388 p.
260 1303 364 1386 1827),
388 1300 558 1398 Cledonius
579 1325 610 1388 p.
633 1301 713 1364 1882
734 1300 771 1364 Ρ.
799 1300 914 1365 Nonne
933 1301 1045 1364 diserta
1061 1301 1138 1365 haec
1158 1303 1333 1367 testimonia

114 1415 163 1481 illi
187 1414 272 1480 MR·
300 1418 470 1504 scripturae
498 1416 584 1504 quasi
611 1415 831 1480 reclamitent?
870 1416 991 1479 Verum
1023 1438 1086 1479 una
1111 1425 1216 1480 tamen
1241 1415 1332 1480 nobis

115 1528 194 1594 haec
213 1531 399 1616 relinquitur
418 1507 537 1595 consilii
558 1532 608 1594 via
635 1539 670 1594 ut
693 1529 816 1594 Claudii
842 1530 1032 1616 temporibus
1062 1531 1141 1593 ‘vir'
1169 1540 1200 1594 et
1227 1530 1331 1616 huius-

115 1645 202 1709 modi
229 1645 354 1708 nomina
388 1648 416 1706 Y
439 1645 579 1710 Graecae
605 1667 682 1708 sono
711 1645 868 1708 enuntiata
902 1665 1050 1730 negemus
1079 1654 1110 1707 et
1138 1644 1221 1708 Velii
1246 1645 1331 1708 Pris-

116 1760 258 1844 cianique
278 1782 315 1823 ac
336 1768 509 1823 ceterorum
530 1760 703 1824 testimonia
717 1781 781 1822 non
802 1758 842 1823 ad
856 1760 982 1844 antiqua
1000 1768 1141 1845 tempora
1161 1759 1330 1822 referamus

117 1873 172 1938 sed
199 1873 241 1936 ad
268 1895 305 1938 ea
339 1874 451 1960 quibus
482 1850 541 1960 ipsi
570 1874 746 1960 fuerunt1)‚
775 1873 1036 1959 quemadmodum
1068 1873 1217 1958 pleraque
1252 1893 1331 1958 quae

116 1988 309 2073 grammatici
329 1986 523 2050 tradiderunt
543 1991 706 2076 praecepta
726 2010 790 2051 non
818 1988 858 2051 ad
884 1988 1093 2072 incorruptam
1115 1995 1253 2072 spectant
1271 1984 1330 2048 La·

116 2101 174 2164 tini
192 2102 341 2167 sermonis
362 2102 570 2187 integritatem
598 2125 661 2187 qua
685 2111 805 2167 veteres
830 2103 996 2190 scriptores
1015 2101 1194 2181 utebantur,
1222 2080 1330 2164 rerum

117 2215 159 2279 ad
176 2215 366 2301 inquinatam
385 2215 490 2280 multis
510 2217 611 2280 modis
631 2215 828 2281 Latinitatem
849 2217 896 2279 sui
910 2216 1025 2280 saeculi
1039 2216 1206 2302 propriam.
1234 2213 1330 2280 Cuius

117 2328 165 2393 rei
184 2350 221 2393 eo
250 2329 326 2408 fides
352 2339 483 2416 augetur
509 2330 594 2415 quod
618 2330 832 2416 inscriptiones
859 2331 892 2393 in
918 2330 1028 2415 quibus
1058 2307 1152 2395 VYR
1176 2329 1331 2394 similesve

117 2441 287 2530 scriptume
313 2445 510 2530 reperiuntur
535 2444 733 2508 inferioribus
754 2444 974 2509 adscribendae
994 2445 1123 2510 saeculis
1144 2454 1215 2509 sunt
1236 2444 1331 2509 veluti

116 2556 255 2622 Fabrett.
292 2569 354 2621 aut.
387 2557 461 2622 inse.
488 2559 565 2640 324,
594 2559 657 2623 450
691 2583 720 2622 v.
755 2561 774 2622 3
801 2559 1025 2622 VNIBYRIA
1052 2559 1099 2643 (=
1122 2560 1266 2638 univiria)
1300 2566 1332 2622 et

114 2672 175 2754 53,
201 2672 263 2736 308
289 2697 320 2736 v.
349 2672 368 2735 3
397 2670 646 2738 VYRGINEM.
695 2672 763 2736 lam
799 2672 874 2758 quid
908 2672 947 2742 de
973 2672 1150 2738 PONTIF.
1179 2674 1331 2759 scriptura

116 2785 315 2851 iudicandum
338 2786 419 2850 erit?
453 2796 488 2850 ut
514 2787 596 2850 enim
621 2809 685 2851 non
712 2784 824 2851 artifex
853 2785 973 2851 aurifex
999 2788 1137 2853 carnifex
1164 2787 1329 2872 antiquitus

116 2899 173 2964 sed
192 2900 315 2964 artufex
336 2901 466 2963 aurufex
488 2903 637 2966 carnufex
658 2896 873 2967 scribebantur
899 2902 944 2965 sic
965 2902 1111 2988 primaria
1137 2902 1238 2966 forma
1265 2910 1330 2965 erat

115 3012 281 3100 pontufeX‚
304 3035 366 3098 quo
386 3013 418 3075 in
439 3014 591 3079 vocabulo
611 3017 666 3080 etsi
684 3017 715 3080 V
736 3017 805 3080 soni
823 3014 1006 3104 pinguitudo
1027 3026 1190 3102 postquam
1211 3015 1330 3080 exilitas

117 3127 269 3191 sermonis
296 3126 456 3192 Romanos
483 3128 637 3194 delectare
656 3130 757 3217 coepit
782 3130 801 3194 I
823 3131 913 3194 litera
933 3130 1155 3218 castigabatur,
1182 3139 1287 3194 tamen
1312 3127 1331 3192 I

116 3241 256 3305 vocalem
283 3243 325 3305 ita
361 3263 429 3307 esse
462 3243 615 3329 prolatam
645 3245 808 3332 probabile
840 3254 886 3309 est
922 3254 956 3308 ut
997 3243 1025 3304 Y
1051 3245 1192 3311 Graecae
1220 3265 1331 3307 sonum

116 3355 260 3440 proxime
293 3356 461 3421 accederet.
518 3357 583 3424 Sed
615 3382 686 3423 cum
714 3360 746 3422 in
779 3359 951 3425 Claudiano
983 3359 1070 3423 titulo
1102 3361 1121 3424 9
1153 3356 1330 3424 PONTIF.

117 3489 182 3532 non
202 3467 383 3533 PONTlF.
411 3471 559 3556 scriptum
586 3474 625 3535 sit
646 3472 817 3539 Claudiana
846 3467 947 3538 aetate
964 3475 997 3536 in
1018 3474 1186 3561 ‘pontifex’
1206 3471 1332 3535 nemine

117 3581 298 3645 Ivocalem
324 3583 451 3669 plenum
478 3595 554 3671 pute
582 3596 612 3651 et
640 3608 820 3674 expressum
847 3610 937 3655 suum
965 3609 1077 3652 sonum
1102 3586 1261 3669 habuisse,
1283 3587 1332 3650 cui

117 3695 286 3760 sententiae
311 3697 374 3762 boc
401 3698 486 3764 favet
513 3701 597 3785 quod
612 3701 698 3768 inde
733 3702 772 3766 ab
798 3703 936 3788 Augusti
963 3704 1152 3790 temporibus
1179 3723 1332 3786 nusquam

119 3819 270 3896 quantum
288 3813 548 3897 equidem'sciam
575 3817 757 3901 ‘pontufex’-
781 3817 943 3903 reperitur.
985 3815 1069 3881 Nam
1094 3818 1251 3904 inscriptio
1274 3816 1330 3882 Or.

118 3925 205 4014 2808
228 3929 239 3964 ¹
246 3925 280 3989 in
306 3925 458 4013 Hispania
483 3928 525 3993 :in
551 3931 637 3994 turri*
660 3932 785 3996 horaria
811 3931 959 3996 ecclesiae
985 3931 1024 3995 Β.
1051 3931 1178 3997 lsidori'
1207 3933 1334 4015 inventa

169 4235 189 4298 ¹)
207 4241 307 4290 Veliam
324 4243 402 4311 probe
425 4244 476 4291 scio
500 4245 584 4293 referri
608 4247 683 4306 vulgo
705 4247 737 4294 ad
755 4247 856 4295 Traiani
879 4251 991 4308 tempora
1007 4246 1046 4293 vel
1066 4245 1200 4306 Hadriani,
1218 4221 1266 4292 sed
1280 4250 1332 4293 tam

205 4340 334 4417 incondita
357 4354 421 4402 quae
443 4343 475 4390 ad
498 4351 607 4393 nostram
629 4347 775 4394 memorium
796 4352 940 4395 manserunt
963 4353 1064 4409 tamque
1086 4346 1210 4406 indigesta
1228 4351 1287 4393 sunt
1303 4352 1332 4394 ut

205 4433 271 4485 mihi'
285 4444 334 4487 stet
350 4425 486 4501 posteriore
507 4447 585 4492 aetate
605 4446 634 4493 ab
647 4449 773 4509 ,imperito
796 4447 964 4508 gramnatrsta
986 4461 1039 4495 esso
1063 4447 1094 4494 e'x
1111 4446 1179 4496 talu
1202 4447 1265 4496 libro
1288 4460 1332 4495 ex-

206 4542 288 4600 cerpta
306 4541 438 4602 pravisque
457 4542 553 4590 differta
572 4543 756 4596 additamentis.
1226 4540 1229 4547 ¹

1126 4628 1145 4690 3
