2902 5122
739 248 785 321 28

637 340 700 348 0—-

152 458 312 525 iscrizione
339 458 371 523 di
399 458 572 523 Palestrina
600 458 682 525 della
710 460 792 545 qual’
816 460 906 546 parla
926 460 1060 545 Monsig.
1080 458 1217 528 decroni
1244 459 1370 545 (Storia

152 572 185 637 di
203 573 334 640 Palestr.
348 595 377 658 p.
396 573 487 658 171)st
520 570 610 650 Quae
636 582 739 639 tamen
758 575 886 662 suspitio
907 596 1033 661 prorsus
1053 574 1209 643 imbecilla
1229 584 1278 641 eat
1294 597 1370 643 cum

152 710 191 752 ne
225 688 354 753 minima
386 687 512 773 quidem
544 688 633 754 nobis
666 689 831 755 necessitas
862 689 998 755 iniunda
1032 689 1071 753 sit
1105 699 1140 754 ut
1176 691 1261 755 es
1295 700 1370 778 post

152 801 325 868 NERONI
344 803 483 868 additum
503 802 640 887 Augusti
661 825 774 870 nomen
787 803 882 869 fuisse
896 807 1066 871 credamus.
1098 805 1169 871 Imo
1192 806 1276 871 enim
1289 826 1368 872 vero

152 916 284 982 Taciteis
311 918 414 982 verbis
442 918 535 984 istum
554 917 677 983 titulum
697 917 880 1006 intelligitur
901 921 1066 987 convenire
1086 921 1114 984 si
1127 917 1253 988 CAES.
1273 941 1369 987 voee-

152 1031 226 1098 bulo
243 1033 384 1119 suppleto
397 1041 561 1118 postquam
573 1032 660 1098 Nero
675 1035 859 1125 cognomine
874 1035 1003 1119 Cacsar,
1020 1047 1185 1121 antequam
1203 1035 1368 1120 Augustus

29 1149 32 1154 ’
153 1147 324 1234 appellatus
345 1147 384 1213 sit
403 1147 484 1212 intra
505 1147 787 1214 anncs804-801
808 1149 990 1237 inscriptum
1010 1172 1077 1216 esse
1098 1148 1267 1216 ambimus.

235 1261 380 1346 Denique
407 1262 529 1328 tertiam
555 1285 619 1327 non
646 1265 756 1328 tacebo
783 1265 1013 1351 inscriptionem
1040 1288 1059 1329 a
1086 1262 1224 1330 Grutero
1245 1264 1368 1345 otest

151 1375 265 1441 editam
300 1399 396 1465 quam
416 1376 580 1442 ,Marinus
615 1379 680 1442 sive
714 1379 841 1444 fortuito
874 1388 905 1445 et
946 1402 1004 1467 per
1036 1378 1265 1467 inprudentiam
1297 1378 1369 1444 sire

153 1490 311 1558 voluntate
330 1491 505 1578 iudicioque
525 1493 754 1579 praetermisit
780 1493 866 1558 Nam
891 1494 1057 1582 sepulcrali
1077 1495 1138 1559 boc
1160 1493 1251 1559 titulo
1272 1514 1369 1578 quem

25 1670 30 1677 .
151 1607 425 1693 vicesimoquinto
453 1629 583 1672 numero
606 1608 767 1694 designavi
791 1618 861 1695 post
888 1617 1100 1676 consecratiun
1124 1606 1294 1675 Claudium
1320 1607 1369 1672 in-

151 1723 264 1808 scripto
298 1721 417 1786 firmius
446 1732 663 1807 argumentum
696 1724 818 1789 nullum
849 1725 957 1790 afferri
989 1723 1091 1810 potest
1124 1745 1190 1808 quo
1215 1722 1369 1789 sententie

151 1862 171 1902 a
195 1836 329 1903 Marinio
353 1837 512 1923 proposita
545 1839 702 1924 probetur
756 1839 802 1903 At
829 1839 880 1903 hic
908 1839 943 1904 id
976 1839 1061 1905 uenit
1093 1837 1127 1901 in
1153 1836 1369 1922 quaestionem

151 1974 227 2018 num
239 1973 323 2017 ,vora
348 1953 389 2017 sit
409 1953 564 2040 inscriptio
592 1963 622 2017 et
649 1955 770 2018 sincere
790 1976 832 2017 en
856 1955 928 2018 fieta
947 1954 1049 2040 potins
1070 1976 1111 2016 ac
1125 1953 1234 2017 fucosa
1250 1954 1369 2038 quippe

153 2089 248 2152 quam
275 2089 298 2132 e
330 2069 539 2155 manuscripto
569 2067 722 2133 Gruterus
758 2067 843 2134 Celsi
869 2066 1025 2134 diaeum
1056 2066 1166 2134 codice
1199 2067 1370 2154 sirmpserit

152 2181 206 2267 qni
231 2203 303 2247 cum
330 2204 443 2269 parum
469 2191 560 2247 notus
581 2181 722 2248 Venetiis
747 2183 851 2249 adhuc
878 2183 1020 2248 videatur
1038 2191 1177 2263 metam,
1206 2183 1307 2247 denuo
1331 2192 1368 2248 ut

152 2297 325 2362 excutiatur
341 2297 563 2363 Mommsenius
580 2297 610 2364 Ι.
631 2297 672 2363 N.
693 2320 724 2384 p.
740 2297 844 2363 XVII
863 2298 1065 2369 vehementer
1082 2297 1246 2364 desiderat.
1278 2294 1366 2374 Qus

152 2413 237 2476 niam
264 2423 367 2478 autem
393 2411 521 2478 Celsum
548 2433 649 2498 neque
672 2413 777 2499 ipsum
810 2435 871 2498 qua
897 2434 956 2500 per
980 2422 1027 2479 est
1052 2412 1115 2477 fide
1142 2434 1179 2477 ae
1203 2411 1366 2497 diligentia

150 2528 184 2592 in
204 2527 453 2614 inscriptionibus
473 2527 591 2592 Latinis
611 2537 769 2592 versatum
781 2526 967 2593 Bitscbelius
981 2528 1020 2611 de
1033 2525 1255 2592 Aletrinatium
1274 2525 1363 2610 titulo

130 2642 301 2730 (prooem.
332 2643 396 2708 ind.
422 2643 520 2708 schol.
553 2643 618 2707 hib.
651 2643 754 2708 Bonn.
785 2640 1149 2728 MDCOOLH-Lssn
1185 2664 1217 2728 p.
1248 2639 1307 2706 HI
1331 2649 1366 2707 et

151 2757 284 2824 eliceam
309 2757 469 2826 fiaudibus
492 2758 697 2845 epigraphiois
717 2757 881 2843 deceptum
906 2777 974 2822 esse
998 2755 1220 2823 Mcmmsenius
1245 2754 1366 2836 ‘falsae

152 2873 203 2936 vel
229 2873 375 2960 susp.R1b
400 2872 502 2959 Neep.
527 2871 758 2958 inseriptiones‘
785 2894 817 2938 u.
847 2870 908 2936 396
937 2870 1086 2953 ostendit,
1113 2871 1269 2939 neminem
1297 2889 1366 2934 esse

152 2988 247 3054 credo
276 2989 415 3055 futuram
442 2988 496 3074 qui
520 2988 597 3053 mihi
621 2994 810 3053 suscenseat
825 2983 852 3048 si
878 2985 1012 3072 primam
1038 2986 1121 3052 banc
1148 2985 1367 3073 epigrapbioes

151 3105 226 3168 arde
262 3104 364 3190 legem
398 3114 433 3170 ut
466 3103 607 3169 diffidere
634 3113 728 3187 quam
757 3100 854 3168 fidere
884 3109 1019 3186 praestet
1054 3111 1175 3169 secutus
1201 3101 1292 3169 iebus
1318 3100 1366 3168 in·

151 3219 349 3306 scriptionem
367 3240 388 3283 a
408 3218 557 3284 Oittadini
576 3217 698 3284 schedis
716 3239 739 3279 e
759 3214 898 3282 Grutero
925 3216 1080 3303 prolatam
1099 3216 1293 3285 subdititiam
1312 3224 1367 3283 sut

151 3335 367 3422 interpolatam
387 3335 430 3399 ita
449 3334 626 3406 iudicarem
645 3341 680 3397 ut
703 3352 770 3397 esse
789 3339 1139 3419 argumento-nequeat
1352 3415 1355 3421 ἱ

233 3450 305 3515 Hoc
325 3451 420 3536 igitur
441 3469 591 3522 concesso
621 3445 708 3531 quod
734 3446 947 3512 demonstrare
972 3445 1365 3528 censeamusque

150 3565 280 3651 imperio
302 3565 426 3650 viteque
447 3562 596 3630 Claudius
614 3586 643 3627 a.
665 3562 696 3627 d
716 3560 779 3628 ΠΙ.
800 3561 841 3628 it.
861 3560 991 3630 Octobr,
1019 3561 1093 3627 anni
1118 3583 1149 3646 p.
1173 3583 1202 3625 n
1223 3584 1249 3624 c.
1269 3557 1365 3625 notin

150 3679 313 3766 gentesimi
333 3678 455 3767 septimi
475 3679 515 3762 (a.
538 3702 569 3765 p.
590 3678 649 3744 Oh.
670 3701 701 3741 n.
724 3679 778 3763 54)
794 3676 926 3745 decessit
947 3674 1127 3744 Claudianis
1153 3672 1248 3745 literis
1268 3669 1364 3737 finem

150 3794 326 3882 impositum
346 3816 429 3876 esse,
450 3795 581 3860 relicuos
600 3793 704 3859 titulos
732 3792 766 3858 in
794 3792 904 3877 quibus
931 3812 1032 3859 novae
1057 3789 1216 3858 literarum
1244 3785 1365 3859 formae

150 3911 344 3999 reperiuntur
364 3912 403 3976 17
409 3912 501 3977 -24
517 3909 657 3996 sequitur
676 3931 740 3974 non
760 3907 842 3974 ultra
867 3906 945 3973 illud
961 3915 1084 3989 tenipus·
1101 3901 1274 3988 assuens.
1288 3922 1364 3970 esse.

571 4213 695 4324 eaput
721 4160 942 4321 septimun.
1019 4262 1021 4265 -

168 4451 183 4465 ..
230 4413 336 4483 Tertio
363 4412 433 4476 loco
460 4402 677 4470 excutiendum
711 4365 817 4466 nobis.
833 4398 1049 4485 proposuimus
1083 4363 1176 4480 quan
1204 4395 1272 4466 ‚late
1297 4392 1363 4456 lite.
1408 4369 1421 4388 '

149 4555 254 4598 rarum
281 4558 300 4596 a
328 4524 461 4596 Claudio
489 4521 682 4585 indoctarum
711 4538 784 4586 neus
808 4513 972 4601 patierit-
1005 4511 1103 4590 Quod
1138 4510 1261 4574 Tacitus
1291 4529 1363 4573 ann.
