2902 5122
707 279 751 354 36

142 493 291 574 ‘Romae‚
311 500 468 581 repertum
489 492 522 556 in
542 492 612 558 foro
627 490 769 558 Caesaris
811 490 966 557 Gruterus
987 513 1027 557 ex
1047 491 1155 560 Ursini
1175 495 1321 561 schedis'

161 606 359 673 NERONI·
383 605 611 672 CLAVDIO·
634 605 812 672 DRVSO·
836 605 953 672 CER·
977 605 1089 674 COS·
1112 607 1290 676 DESICN

285 718 547 798 EQVESTER·
570 718 721 786 CRDO·
743 718 966 787 PRINCIPI·
990 721 1163 787 IVVENT

120 845 293 923 equestrem
323 835 464 901 ordinem
499 834 622 902 Claudii
652 834 778 899 inventa
808 836 935 901 omnino
969 838 1147 924 repudiasse
1180 847 1342 905 constaret

119 952 233 1036 quippe
257 950 310 1036 qui
336 950 417 1014 intra
441 973 469 1012 a.
498 950 676 1014 eos-807
707 949 827 1014 Neroni
855 948 982 1015 Caesari
1016 953 1101 1038 Aug.
1133 953 1154 1016 f.
1182 952 1343 1018 tralaticia

118 1066 271 1160 scriptura
290 1065 373 1127 huno
391 1063 515 1128 titulum
535 1040 731 1143 confecisset,
759 1063 844 1148 quod
864 1072 984 1129 tantum
1004 1067 1091 1132 abest
1112 1077 1146 1130 ut
1164 1067 1243 1131 mihi
1264 1090 1340 1154 pro-

119 1182 262 1245 beturt
226 1188 262 1243 ut
282 1179 324 1243 ad
345 1176 457 1243 Orellii
477 1178 538 1242 726
559 1198 614 1242 sen
614 1177 741 1242 tentiam
762 1180 907 1244 accedam
929 1181 981 1266 qui
1003 1181 1111 1246 hanc
1101 1183 1341 1270 inscriptionem

118 1303 223 1381 utpote
245 1293 285 1358 ad
306 1292 341 1356 lit
328 1302 427 1357 teram
449 1313 488 1356 ex
511 1314 548 1357 eo
570 1314 697 1356 nummo
720 1313 813 1377 quem
833 1293 1001 1359 Eckhelius
1023 1294 1065 1358 D.
1086 1295 1129 1360 N.
1150 1297 1252 1384 VIp.
1272 1298 1337 1362 261

84 1434 89 1439 ·
118 1407 213 1472 edidit
233 1407 418 1494 descriptam
440 1406 607 1472 damnavit.

200 1521 399 1608 Magistratus
429 1522 482 1606 qui
511 1523 543 1584 in
571 1543 605 1586 re
632 1520 757 1608 publica
788 1523 1031 1588 administranda
1062 1526 1268 1590 versabantur
1295 1529 1340 1593 ad

117 1637 216 1702 edicta
234 1636 418 1722 decretaque
432 1645 462 1699 et
483 1634 543 1699 alia
561 1656 640 1720 quae
659 1635 782 1722 publice
802 1636 922 1723 scriptis
942 1639 1131 1705 mandabant
1152 1635 1267 1715 AO}
1285 1641 1340 1707 AI

116 1751 212 1816 literis
235 1773 308 1817 usos
329 1771 396 1817 esse
416 1773 472 1836 pro
495 1758 580 1814 certo
601 1749 830 1814 affirmaverim.
871 1750 921 1815 Ita
949 1752 1107 1838 digamma
1133 1754 1177 1838 (et
1198 1755 1249 1819 AI
1271 1757 1339 1843 syl-

116 1866 212 1930 laba?
233 1866 272 1929 ef.
289 1888 319 1952 p.
334 1866 390 1952 21)
402 1865 435 1928 in
455 1863 628 1951 praefracta
647 1865 752 1929 tabula
773 1865 959 1951 conspicitur
976 1891 995 1930 a
1013 1867 1138 1932 Maffeio
1156 1868 1236 1933 Mus.
1256 1870 1338 1936 Ver.

116 1981 194 2062 306,
216 1981 235 2042 7
250 1979 381 2065 vulgata
400 1978 441 2062 (v.
465 1979 570 2064 capitis
590 1979 691 2043 octavi
712 1999 743 2041 n.
760 1979 813 2065 17)
833 2001 926 2065 quam
941 2001 1084 2046 censores
1101 1982 1234 2047 Romani
1249 2007 1339 2051 eom-

115 2103 294 2182 posuenmt.
324 2093 435 2178 Itaque
457 2091 541 2177 quod
562 2089 728 2158 Suetonius
742 2092 901 2158 inventam
915 2116 934 2157 a
950 2094 1083 2161 Claudio
1098 2099 1285 2185 scripturam
1300 2100 1338 2164 in

116 2209 233 2275 diurnis
255 2208 379 2293 (diurna
400 2205 590 2272 Claudianae
617 2207 725 2271 aetatis
749 2217 818 2273 acta
841 2209 1032 2297 intelligatis)
1060 2221 1182 2277 exstare
1202 2221 1342 2282 testatur

115 2324 332 2410 adsequimur,
359 2344 433 2386 nam
461 2322 643 2387 diurnorum
671 2321 779 2409 populi
804 2321 939 2387 Romani
965 2333 1106 2392 actorum
1135 2328 1210 2393 cura
1235 2333 1338 2398 eonfi-

115 2439 294 2503 eiendorum
321 2435 446 2524 publico
481 2434 691 2521 magistratui,
726 2436 811 2501 urbis
840 2437 950 2524 opinor
976 2441 1146 2526 praefecto,
1179 2447 1339 2530 permissa

114 2562 190 2618 erat.
238 2550 414 2616 Minoribus
442 2559 545 2614 autem
579 2550 688 2615 officiis
717 2551 857 2617 civilibus
890 2554 943 2639 qui
973 2554 1184 2641 fungebantur
1208 2562 1336 2628 scribas

111 2668 266 2733 maiorum
286 2665 522 2751 magistratuum
550 2672 581 2731 et
604 2665 795 2752 apparitores
822 2675 853 2730 et
879 2669 1012 2734 viatores
1034 2679 1065 2735 et
1083 2671 1160 2735 alios
1182 2672 1244 2738 hue
1266 2696 1336 2743 non

113 2782 292 2847 referendos
318 2802 385 2847 esse
421 2780 534 2865 liquet,
571 2787 758 2865 quapropter
793 2781 1006 2865 quotidianum
1042 2786 1198 2851 scribendi
1227 2810 1338 2875 genus

113 2896 214 2961 solum
244 2917 308 2960 non
343 2893 456 2961 sufficit
492 2891 662 2960 evincendo
697 2891 903 2961 adulterinam
938 2918 1005 2962 esse
1040 2899 1273 2989 inscriptionem
1314 2931 1336 2974 e

112 3010 258 3076 Panvinii
283 3009 369 3077 fastis
397 3007 430 3072 in
452 3007 580 3074 Gruteri
602 3006 640 3074 C.
659 3007 686 3072 I.
707 3006 745 3073 L.
768 3010 845 3092 113,
866 3011 887 3075 3
907 3012 1097 3077 translatam.
1142 3035 1145 3040 ·

194 3124 262 3188 Iam
284 3144 359 3189 vero
379 3122 425 3187 nil
446 3122 546 3186 obstat
562 3123 728 3208 quominus
749 3146 952 3212 quaecunque
963 3127 1087 3213 publico
1101 3133 1230 3198 consilio
1244 3135 1334 3201 intra

112 3260 211 3304 annos
239 3237 416 3304 800-807
446 3237 620 3325 conscripta
648 3247 720 3303 sunt
753 3240 797 3304 eis
822 3262 918 3305 novas
945 3240 1103 3306 literarum
1129 3245 1245 3311 formas
1274 3251 1333 3317 ad-

111 3354 222 3419 hibitas
252 3375 318 3419 esee
346 3353 576 3419 contendamus.
620 3349 714 3429 Quod
742 3361 846 3419 tamen
868 3353 906 3418 de
927 3356 1164 3444 municipiorum
1192 3361 1333 3430 colonia-

111 3491 182 3533 rum
204 3469 336 3532 aliorum
358 3466 543 3553 oppidorum
564 3464 736 3530 civitatibus
765 3489 801 3532 ac
822 3470 1050 3556 magistratibus
1077 3473 1192 3541 dictmn
1217 3482 1336 3558 putare

111 3581 220 3662 nolite,
241 3606 260 3646 a
275 3582 385 3668 quibus
400 3602 476 3666 quas
495 3577 644 3645 Claudius
664 3580 829 3648 induxerat
856 3583 963 3649 literae
984 3586 1222 3671 negligebantur
1242 3588 1336 3658 velut

111 3695 144 3759 in
164 3695 225 3759 hoc
244 3695 334 3761 titulo
355 3719 374 3761 a
394 3692 600 3760 Mommsenio
621 3695 648 3758 Ι.
670 3695 710 3760 Ν.
732 3695 815 3760 2399
836 3696 876 3760 ad
897 3695 1129 3763 Herculaneum
1149 3698 1263 3765 relato:

442 3831 513 3896 ΤΙ·
537 3830 741 3899 CLAVDIO

285 3945 368 4011 TI·
398 3945 637 4012 CLAVDI·
668 3946 936 4015 CAESARIS

359 4050 590 4128 AVGVSTI·
614 4061 870 4128 GERMANICI

358 4174 411 4240 P·
434 4176 488 4242 P·
510 4177 558 4243 F·
656 4176 863 4243 NERONI

234 4293 255 4357 5
409 4344 412 4349 .
463 4290 660 4360 CAESARI

509 4408 568 4472 D·
590 4407 623 4472 D

110 4523 148 4588 cf.
162 4532 285 4609 praeter
302 4520 418 4587 Maffeii
432 4521 511 4588 Mus.
527 4521 603 4586 Ver.
618 4523 695 4605 441,
713 4521 734 4585 5
750 4521 827 4609 lapis
840 4522 1010 4588 Mediolani
1028 4525 1156 4588 effossus
1174 4525 1231 4590 Or.
1249 4526 1315 4594 713

984 4007 1158 4075 804-807
