2902 5122
729 260 776 331 54

628 352 886 363 ..-.......—-—

144 474 233 539 litora
253 473 304 563 [F]
325 498 419 561 supra
440 475 562 541 claudii
584 486 675 563 caput
695 478 843 542 oemitur:
865 478 906 540 ad
927 476 1012 541 euius
1031 472 1127 559 pedes
1147 472 1382 569 haeofllegitnr

143 590 300 677 inscriptio
309 592 321 655 τ’
349 590 501 656 Ciaadiaa
535 591 612 678 Imp.
635 606 695 657 tres
714 616 809 658 aoeaa
835 593 953 658 litteras
970 589 1147 655 adinvenit!
1196 586 1333 684 *Neque
1351 588 1382 653 id

37 790 40 797 Ι
142 726 301 792 nunquam
337 707 451 770 factum
485 716 532 771 eat
563 716 598 771 ut
631 708 781 773 memoria
813 707 892 794 lapsi
919 706 1165 773 Claudianamm
1209 702 1382 769 literarum

142 820 286 907 exempla
305 842 468 908 perperam
489 821 631 904 oderent,
655 822 740 887 volut
761 823 786 885 si
800 823 882 886 idem
898 821 1025 887 Roeoha
1041 844 1071 908 p.
1088 820 1152 883 142
1178 820 1237 883 ‘in
1258 828 1382 909 speeta-

141 934 276 998 tionibus
298 936 430 1021 antiquis
460 936 616 1022 digamma
639 938 723 1001 cerni
750 938 816 1022 εἰει,
836 932 1061 1003 OCTAuIVS
1088 942 1120 998 et
1147 904 1382 1001 OCTAuIA’

141 1048 271 1131 rettulit,
300 1072 488 1137 quamquam
506 1074 602 1115 unum
616 1051 824 1137 ouTAelAI
839 1073 952 1116 nomen
968 1052 1002 1115 in
1018 1050 1139 1115 decima
1159 1049 1384 1139 inscriptione

140 1165 302 1250 reperitur.
345 1163 491 1251 Denique
512 1166 611 1253 decipi
631 1167 674 1230 eis
696 1189 881 1252 quemquam
904 1166 1001 1232 nolim
1024 1185 1103 1250 quae
1123 1165 1219 1251 apud
1232 1164 1384 1231 Ruhium

140 1302 221 1368 epee.
236 1280 263 1343 I.
285 1280 394 1366 philol.
416 1281 624 1346 numism-lat.
639 1306 669 1369 p.
684 1283 727 1345 44
746 1281 893 1367 legimtur
912 1281 1084 1366 ‘quoddam
1105 1274 1193 1345 amis
1211 1282 1384 1369 fragmen·

140 1403 207 1458 tum
229 1395 313 1479 quod
332 1394 376 1458 M.
397 1395 554 1462 Baudelot
575 1396 614 1461 de
634 1396 765 1460 Dairval
785 1396 819 1458 in
840 1395 1067 1483 elegantissimo
1081 1394 1165 1469 libro
1182 1396 1231 1461 de
1254 1396 1388 1463 l'ueaiett

139 1510 192 1575 das
213 1532 342 1597 voyaqaa
363 1511 427 1575 aeri
448 1511 578 1575 incisum
600 1512 727 1577 exhibet
745 1513 778 1576 in
806 1534 868 1597 quo
891 1533 952 1576 una
978 1533 1049 1575 oum
1068 1510 1136 1574 aliie
1156 1510 1274 1579 tribue
1297 1514 1384 1579 notio

139 1624 296 1712 digamma
315 1634 456 1690 nostrum
478 1625 684 1692 Claudianum
714 1627 855 1692 distinete
882 1628 1025 1692 cernitur.
1073 1624 1113 1689 In
1142 1628 1303 1697 eruendo
1326 1652 1385 1697 no-
1447 1612 1449 1691 Ῐ

140 1748 242 1803 tarum
263 1762 355 1805 sensu
375 1741 577 1806 Baudelotius
598 1764 789 1829 magnopere
809 1765 842 1807 se
862 1751 985 1828 torquet
1006 1751 1037 1807 et
1057 1741 1284 1811 diversimodo
1305 1746 1385 1811 istae

140 1855 284 1942 explicet.
327 1853 408 1941 Legi
429 1857 512 1920 enim
532 1857 599 1921 vult
619 1857 670 1923 vel
690 1858 805 1922 tovana
825 1860 965 1923 cantaria
993 1857 1043 1922 vel
1061 1857 1182 1922 teatio
1202 1860 1386 1929 cenninus

138 1989 193 2034 seu
215 1971 441 2049 centurionem,
463 1970 514 2035 vel
534 1973 565 2035 a'o
585 1973 715 2036 victoria
737 1948 947 2038 cantationem
974 1973 1025 2037 vel
1049 1974 1114 2037 iovi
1137 1972 1175 2036 ab
1197 1950 1385 2045 viennen

139 2086 351 2148 cantationem
373 2085 425 2148 vel
444 2087 509 2149 iovi
536 2087 637 2150 ovabit
662 2088 777 2151 viante
804 2090 943 2152 cantaria
971 2086 1022 2152 vel
1049 2088 1113 2152 toa·
1137 2110 1243 2153 eoam
1274 2072 1387 2159 timet

139 2199 279 2264 centuria
300 2208 331 2263 et
352 2199 378 2262 si
399 2221 478 2285 quae
498 2201 603 2287 plures
632 2212 703 2265 sunt
732 2202 867 2267 ineextae
893 2203 959 2267 eius
987 2202 1190 2267 coniecturae.
1243 2202 1385 2275 Sufficit

137 2314 227 2381 nobis
248 2315 361 2381 exinde
380 2315 500 2381 literam
521 2316 670 2380 adnotare
692 2314 910 2398 Claudianam‚
937 2338 1012 2403 prae
1039 2315 1165 2402 reliquis
1192 2316 1246 2383 ibi
1267 2316 1384 2389 noaoi-

137 2430 252 2494 bilem.’
293 2430 465 2517 Postquam
485 2432 568 2497 enim
588 2432 667 2495 aeris
688 2430 771 2493 illius
793 2430 961 2517 imaginem
981 2430 1198 2496 aBaudelotio
1223 2434 1383 2507 additam

138 2544 186 2629 (ΙΙ
207 2544 268 2608 tab.
289 2545 309 2608 2
327 2545 383 2632 fig.
403 2546 437 2632 5)
459 2546 596 2634 inspexi,
619 2546 775 2633 digamma
796 2547 921 2612 omnino
942 2568 1006 2612 non
1020 2568 1111 2635 posse
1128 2544 1382 2647 intelligi'eoffi

135 2659 206 2724 luco
227 2659 304 2723 mihi
323 2660 485 2725 videbatur
505 2660 625 2727 clarius.
1371 2666 1374 2671 ’

459 4561 648 4608 inexustum
668 4575 809 4610 nxnunsstx
829 4563 900 4613 San.
919 4565 1028 4609 Lucae.
