2902 5122
698 276 743 350 13

109 491 273 578 sculpsisse
298 499 332 554 11
358 499 389 553 11
416 487 444 553 0
475 497 578 552 notam
606 510 685 573 quae
720 490 754 554 in
785 490 956 576 archetypo
986 497 1052 553 erat
1080 500 1111 554 et
1137 491 1190 559 PS
1216 514 1324 557 conso·

107 611 218 672 nantes
239 626 320 691 quae
339 600 367 667 O
388 614 461 669 nota
482 604 734 690 significabantur
755 605 957 692 exprimeret,
983 627 1047 689 quo
1067 606 1149 669 facto
1170 605 1323 691 posteaO

106 722 241 809 figuram
267 720 349 784 inter
369 720 388 783 Ι
409 729 439 785 11
459 719 487 783 P
504 719 608 783 literas
626 719 835 806 interpositam
861 719 961 782 erasit.
982 717 1095 805 Neque
1120 720 1203 783 enim
1232 720 1324 784 aliam

108 836 259 901 rationem
288 835 471 919 habeoque
498 833 652 898 lacunam*
668 835 758 898 unius
785 833 894 898 literae
913 834 946 896 in
967 833 1081 899 eodem
1106 834 1257 899 vocabulo
1278 835 1324 898 bis

107 951 269 1038 repeb'tam
294 951 487 1036 interpreter.
1100 955 1102 959 ’

154 1120 158 1125 .
180 1065 314 1130 Pariter
334 1074 425 1151 atque
445 1065 473 1130 X
495 1065 651 1153 digamma
672 1065 735 1128 iam
750 1074 828 1129 ante
849 1063 1014 1130 Claudium
1037 1064 1189 1128 exstitisse
1201 1063 1324 1150 Lipsius

108 1178 370 1247 'esfsehnefflerus
399 1188 566 1266 putarunt.
591 1178 755 1266 Seyiertua
780 1202 884 1264 gram.
910 1179 962 1243 lat.
984 1179 1002 1241 I
1021 1202 1051 1265 p.
1073 1180 1132 1243 137
1163 1180 1325 1264 antisigma

107 1296 199 1360 litera
227 1296 378 1381 quosdam
405 1297 511 1360 statuit
535 1318 607 1360 usos
636 1316 702 1361 esse
729 1295 919 1381 temporibus
947 1295 1093 1381 Augusti.
1113 1294 1219 1360 ..Cum
1242 1295 1324 1360 enim

107 1411 271 1475 tradidisse
290 1410 410 1496 aliquos
430 1409 597 1476 Suetonius
619 1410 729 1476 Octav.
746 1408 962 1473 LXXXVIII
981 1420 1086 1473 narret
1106 1411 1324 1496 imperatorem

112 1525 294 1612 Augustum
313 1526 416 1612 legato
439 1526 595 1591 consulari
614 1546 822 1589 successorem
847 1524 967 1588 dedisse
994 1534 1029 1588 ut
1053 1525 1124 1597 rudi
1150 1535 1180 1590 et
1200 1525 1324 1589 indocto

110 1642 164 1726 qui
186 1641 257 1704 ‘ixi'
278 1663 336 1727 pro
364 1640 454 1727 ‘ipsi‘
480 1643 577 1706 verbo
600 1640 792 1727 scripsisset,
823 1639 986 1726 Seyfertus
1006 1637 1095 1704 1001
1116 1641 1211 1727 legati
1231 1646 1325 1704 manu

108 1756 256 1842 scriptam
282 1757 330 1818 ita
355 1777 425 1820 esse
446 1756 613 1820 arbitratur
638 1766 673 1819 ut
700 1749 753 1820 OO
780 1755 883 1841 figura
908 1753 963 1820 PS
991 1760 1100 1820 recem
1131 1754 1324 1842 expresserit.

109 1871 156 1935 At
176 1893 277 1957 neque
303 1869 358 1936 ΘΟ
385 1871 488 1956 figura
513 1870 677 1956 antisigma
703 1877 769 1934 erat
795 1891 854 1934 nec
877 1880 1006 1966 propter
1031 1879 1178 1935 novatam
1205 1868 1325 1941 literam

108 1986 164 2050 sed
185 1986 257 2071 quia
278 1986 386 2050 vitiose
406 1985 440 2049 X
460 2008 517 2072 pro
534 1984 587 2051 ΡΒ
608 2007 685 2050 voce
706 1985 869 2071 scripserat
881 1985 1126 2071 'legatomunus
1140 1985 1324 2070 abrogatum

109 2110 163 2165 est.
195 2100 278 2164 Nam
295 2100 381 2162 lixi’-
396 2100 526 2164 verbum
548 2101 633 2186 quod
652 2102 685 2164 in
705 2109 823 2165 tantam
844 2101 953 2165 cecidit
970 2101 1106 2186 Augusti
1123 2101 1325 2165 offensionem

108 2216 181 2280 inde
209 2223 311 2278 ortum
338 2219 406 2283 esse
431 2214 549 2279 conicio
575 2214 660 2301 quod
686 2215 714 2279 P
741 2215 832 2280 litera
860 2226 894 2281 ut
922 2217 1004 2304 apud
1026 2213 1193 2311 Oscosita
1214 2212 1325 2279 111111-

79 2389 81 2393 ,
108 2331 175 2395 tino
202 2351 344 2394 sermone
372 2331 492 2416 saepius
519 2352 589 2394 cum
618 2329 646 2396 O
672 2339 701 2395 et
723 2329 756 2396 G
785 2330 866 2408 etQ
893 2331 976 2395 sonis
1005 2330 1251 2395 commutabatur
1271 2327 1324 2411 (of.

110 2443 332 2511 Schwenckius
353 2445 394 2509 N.
416 2445 496 2510 Mus.
519 2445 581 2511 Rh.
608 2446 627 2510 Ι
647 2470 677 2533 p.
697 2447 760 2509 444
783 2455 813 2510 et
832 2445 1055 2523 Mommscnjus
1077 2445 1131 2508 inf.
1152 2443 1228 2508 Ital.
1253 2442 1325 2509 dial.

109 2584 139 2647 p.
161 2562 244 2644 223).
268 2560 519 2646 ltaque-potest
539 2559 685 2624 accidisse
704 2568 739 2623 ut
759 2560 862 2646 plebei
881 2569 912 2624 et
931 2560 1238 2625 rusticani-homines
1260 2580 1324 2623 non

109 2674 197 2760 ‘ipsi'
226 2675 286 2738 sed
306 2673 392 2738 ‘icsi’
420 2674 471 2738 vel
499 2675 572 2738 ‘ixi’
601 2675 739 2741 dicerent
746 2714 768 2756 ‚›
789 2675 874 2760 qnod
902 2675 1014 2738 homo'
1032 2675 1143 2739 urbani
1175 2673 1325 2738 sermonis

108 2789 234 2874 ignauis
256 2790 348 2875 etiam
368 2789 532 2855 scribendo
553 2790 747 2855 imitatus-ab
765 2790 910 2876 Augusto
929 2789 1075 2876 expulsus
1089 2810 1155 2854 esse
1176 2797 1326 2877 potestate

108 2903 273 2967 ferebatur.
353 2954 355 2959 ,
718 2923 720 2926 ⁴
822 2912 824 2916 ‘

564 3179 879 3193 -οημ--φ-ψς-»φ-...υ-Ἶ

490 3374 492 3378 ’
547 3398 881 3552 1111111111.
971 3405 1003 3427 ’·

149 3669 152 3675 ¹
192 3592 244 3657 De
264 3593 355 3657 tertio
377 3591 541 3658 Claudiam
561 3593 678 3680 ingenii
698 3592 869 3680 exemplari
889 3591 1061 3679 superiores
1082 3591 1155 3658 inde
1175 3613 1194 3653 a
1211 3588 1324 3661 reads

109 3707 203 3772 literis
227 3710 421 3794 grammatici
453 3732 547 3796 supra
580 3733 673 3795 quam
705 3709 852 3774 credibile
884 3716 935 3773 'est
968 3705 1088 3778 ariolati
1111 3715 1215 3799 'sunta
1241 3703 1324 3779 ¹Non

108 3824 257 3910 fugerunt
276 3825 405 3911 quidem
423 3824 520 3912 Lipsii
540 3825 581 3888 ad
601 3824 675 3889 Tac.
697 3825 838 3907 anu.·VI
854 3825 910 3906 14,
927 3822 1032 3888 Vossii'
1050 3821 1223 3892 Aristarch.
1245 3820 1268 3883 l.
1284 3819 1324 3900 d,

110 3938 242 4003 aliorum
268 3941 464 4024 sagacitatem
492 3951 637 4027 corrupta
662 3940 746 4004 Velii
765 3937 881 4025 'Longi
908 3938 1004 4003 verba
1036 3960 1072 4024 p..
1092 3935 1244 4005 223111.
1266 3934 1325 4007 lde

112 4055 178 4118 viro
208 4075 283 4118 vero
316 4064 346 4118 et
366 4056 479 4120 virtute
505 4056 559 4120 ubi
585 4054 775 4127 [scribitur
802 4062 833 4118 et
855 4076 954 4140 paene
975 4053 1007 4116 V
1029 4049 1327 4130 enuntiatumunde¹

110 4167 158 4233 Ti.
180 4167 330 4233 Claudius
351 4192 468 4234 noram
485 4171 643 4256 quandam¹
660 4169 780 4232 literam
802 4168 989 4255 excogitavit
1008 4189 1035 4237 e.
1059 4188 1094 4251 qe
1111 4166 1164 4247 1.’,·
1181 4164 1241 4258 sed
1258 4185 1324 4231 cor.-

110 4293 235 4368 ruptum
263 4300 335 4347 eum
361 4284 562 4370 compellasse
589 4283 843 4349 locumVossius
868 4284 941 4350 satis
974 4282 1098 4363 habuit,
1124 4278 1261 4366 Lipsius·
1279 4279 1325 4351 fin

110 4397 264 4484 prioribus
286 4398 325 4462 de
345 4398 656 4485 Aeolicodigamma
671 4398 780 4461 saltem
799 4397 1047 4482 Veliumssegisse
1068 4394 1215 4459 11111117
1237 4393 1324 4472 dixit,

111 4513 255 4576 nimirum
277 4512 357 4576 VIR
377 4521 408 4576 et
433 4511 594 4579 VIRTVS
623 4492 772 4601 exemplis
800 4537 819 4576 a
844 4512 957 4597 Longo
970 4491 971 4494 Ἴ
984 4511 1094 4576 adlatis
1121 4510 1262 4578 inductus
1291 4517 1326 4571 ut
