2902 5122
658 210 971 348 'Am'

206 459 336 545 Taylori
364 460 565 525 confirmatur
591 462 667 526 haec
694 464 867 528 emendatio
895 464 987 527 ‘sicut
1006 485 1107 550 ,supra
1139 464 1258 528 locutus
1288 484 1362 527 sum
1383 464 1423 529 de

205 575 272 638 viro
299 583 331 637 et
358 576 484 658 virtute,
517 566 594 658 ubi',
623 599 696 642 nam
732 578 854 664 respicit
887 579 971 642 haud
999 579 1092 643 dubie
1120 599 1156 643 ea
1183 578 1313 664 Longus
1342 600 1421 665 quae

204 711 297 774 supra
322 712 352 775 p.
381 690 463 754 2219
491 690 527 753 Ρ.
555 690 674 755 locutus
702 702 768 756 erat
794 692 898 757 ‘Nam
920 693 1106 779 quibusdam
1135 693 1230 757 literis
1260 694 1414 759 deficimus

129 836 132 843 ·
204 825 280 888 quas
301 814 405 869 tamen
426 826 520 868 sonus
541 800 758 872 enuntiationis
779 809 921 891 arcessit,
953 817 986 872 ut
1015 831 1086 872 cum
1112 808 1241 873 dicimus
1264 809 1419 892 virtutem,

204 928 234 982 et
253 919 355 983 virum
374 920 487 985 fortem
506 922 664 988 consulem
692 921 869 1010 Scipionem
897 945 978 1005 esse,
1006 924 1183 1011 pervenisse
1211 922 1265 1009 [sie
1290 921 1420 989 Schnei-

203 1032 295 1098 derus
316 1056 346 1120 p.
368 1035 423 1116 21,
446 1035 610 1101 Putsohius
632 1037 804 1126 ‘periisse']
824 1039 889 1103 lere
909 1039 950 1102 ad
968 1061 1058 1102 aures
1078 1038 1276 1125 peregrinam
1296 1039 1420 1103 literam

204 1145 248 1234 [id
264 1158 315 1213 -est
348 1152 376 1209 Y
398 1148 564 1239 Graecam]
586 1151 745 1216 invenies!
783 1151 873 1217 Idem
906 1152 1062 1238 Taylorus
1096 1157 1214 1237 ‘neque
1247 1153 1421 1217 secundum

203 1263 371 1329 exilitatem
397 1264 504 1330 literae
530 1286 631 1351 neque
656 1266 826 1330 secundum
851 1267 1097 1354 pinguitudinem
1122 1268 1247 1332 literae'
1276 1268 1381 1332 verbis
1402 1268 1421 1332 I

203 1387 233 1440 et
252 1378 282 1442 V
303 1378 405 1443 literas
428 1379 503 1444 vidit
522 1380 701 1445 inserendas
723 1402 806 1462 esse,
828 1383 884 1446 etsi
904 1391 1111 1469 parumreote
1133 1386 1208 1446 ‘sec
1225 1382 1296 1447 exil.
1311 1382 1421 1447 literae

202 1492 234 1561 13
256 1502 287 1556 et
315 1497 387 1558 ‘sec
415 1476 500 1581 ping.
530 1495 638 1560 literae
667 1496 712 1558 V'
738 1496 895 1582 Taylorus
926 1507 957 1561 ct
984 1494 1192 1563 Schneiderus
1219 1498 1421 1583 scripserunt,

203 1609 350 1692 quoniam
360 1609 434 1674 talia
449 1611 556 1675 Velius
577 1611 619 1674 ita
633 1613 791 1676 consuevit
811 1614 973 1678 collocare·
985 1612 1018 1676 ‘I
1035 1612 1156 1678 literao'
1178 1622 1208 1676 et
1230 1613 1277 1675 ‘V
1290 1613 1420 1677 literaa'

202 1723 369 1792 Praeterea
392 1723 601 1791 Schneiderus
622 1749 652 1812 p.
674 1728 715 1790 22
737 1750 794 1813 pro
816 1727 974 1792 ‘undesit
994 1728 1042 1792 ut'
1064 1727 1198 1792 correxit
1220 1728 1283 1792 ‘fit’
1305 1737 1337 1792 et
1359 1753 1419 1816 pro

203 1843 298 1925 ‘quae
319 1862 420 1926 neque
439 1876 480 1887 —-
498 1851 612 1907 sonant
632 1863 733 1927 neque
755 1880 796 1891 -
818 1843 1063 1908 enuntiarentur'
1084 1843 1260 1908 ‘sonarent’

283 1953 353 2018 Iam
374 1955 540 2022 levioribus
560 1959 608 2022 his
630 1958 779 2044 expeditis
800 1958 937 2022 maxima
958 1968 1003 2022 est
1028 1959 1062 2022 in
1080 1968 1237 2043 postremo
1259 1960 1419 2025 enuntiato

203 2067 366 2134 difficultas
384 2095 407 2135 a
427 2073 587 2136 sententia.
615 2072 783 2151 :Quasnam
803 2095 859 2160 per
878 2096 994 2138 novam
1013 2070 1303 2153 literam‘Olaudius
1323 2074 1420 2138 scribi

204 2205 294 2248 voees
322 2186 440 2250 voluit?
472 2191 568 2273 ‘quae
597 2196 698 2274 neque
722 2189 901 2255 secundum
928 2189 1097 2254 exilitatem
1131 2188 1164 2269 1„
1183 2188 1290 2263 literae
1315 2209 1419 2274 neque

203 2301 373 2365 secundum
401 2303 648 2390 pinguitudinem
668 2304 701 2367 V
720 2303 828 2369 literae
849 2314 1010 2386 sonarent,
1039 2313 1073 2368 ut
1089 2305 1123 2367 in
1145 2304 1212 2368 viro
1238 2313 1269 2368 et
1295 2302 1417 2386 virtute,

202 2437 304 2501 neque
325 2439 431 2482 rursus
458 2409 627 2483 secundum
656 2420 752 2482 latum
776 2419 884 2483 literae
910 2440 1023 2484 sonum
1050 2418 1297 2500 enuntiarentur,
1322 2427 1356 2483 ut
1381 2418 1414 2482 in

202 2553 240 2595 eo
264 2533 348 2618 quod
370 2543 416 2597 est
436 2532 542 2620 legere
569 2535 722 2598 scribere?
762 2533 913 2599 Proxima
938 2535 1035 2598 verba
1063 2555 1133 2598 oum
1152 2533 1310 2619 Taylorus
1336 2531 1414 2597 fior·

202 2656 283 2711 tasse
302 2648 473 2713 maculosa’
502 2671 568 2714 esse
595 2650 784 2731 adnotasset,
817 2647 1026 2716 Schneiderus
1044 2671 1112 2735 pro
1135 2648 1278 2735 ‘legere'-
1298 2647 1418 2712 censuit

204 2761 334 2828 ‘dicere'
354 2765 576 2829 restituendum
601 2786 670 2829 esse
698 2764 750 2829 vel
776 2764 876 2831 simile
902 2764 1090 2830 vocabulum
1113 2746 1146 2829 in
1174 2751 1235 2849 quo
1262 2763 1418 2828 Ivooalis

203 2886 283 2942 esset
302 2878 461 2964 producta.
496 2878 643 2946 Ut'enim
664 2879 829 2944 ‘scribere'
850 2879 960 2945 Velius
979 2890 1128 2965 tanquam
1148 2877 1326 2965 exemplum
1346 2899 1418 2963 pre

202 2993 315 3078 posuit
331 2992 364 3056 in
380 3017 452 3080 quo
480 2994 571 3059 latus
591 2995 704 3059 inesset
729 2994 837 3059 literae
864 3017 973 3078 sonus,
1004 2996 1047 3059 ita
1075 2995 1210 3081 ‘legeret
1234 2992 1355 3057 librarii
1383 2992 1417 3057 in

202 3106 267 3171 cius
301 3107 407 3172 locum
440 3109 589 3174 vocabuli.
614 3110 836 3176 substituerunt
870 3111 954 3196 quod
978 3111 1156 3195 *secundum
1173 3109 1283 3173 latum
1309 3107 1418 3172 literae
1448 3163 1450 3167 ,

203 3243 315 3287 sonum
334 3223 551 3289 enuntiaretur.
594 3225 702 3311 Atque
717 3234 803 3291 'cum
827 3228 861 3290 in
887 3227 990 3313 priore
1016 3227 1109 3291 totius
1136 3225 1304 3290 sententiae
1330 3233 1419 3310 parte

204 3341 320 3424 ‘neque
340 3339 512 3405 seermdum
525 3340 694 3405 exilitatem
712 3341 730 3404 I
749 3338 857 3405 literae
871 3361 972 3424 neque
988 3340 1160 3405 seeundum
1170 3338 1418 3426 pinguitudinem

204 3451 235 3515 V
262 3452 371 3521 literae
396 3453 602 3519 sonarentlI
631 3464 664 3517 et
692 3454 727 3518 V·
742 3454 846 3518 literas
875 3453 1007 3540 Longus
1032 3465 1065 3541 ut
1092 3455 1169 3520 duas
1194 3475 1251 3518 res,
1272 3452 1417 3539 aequales

203 3567 425 3652 composuerit,
456 3568 568 3632 ‘latum
592 3568 700 3633 literae
731 3570 852 3632 sonum'
888 3591 952 3634 non
979 3570 1073 3633 modo
1108 3569 1149 3631 ad
1184 3568 1368 3651 productam
1399 3567 1419 3629 I

78 3672 84 3684 ’
203 3691 342 3766 spectare
363 3681 442 3747 mihi
458 3683 598 3768 persuasi
618 3684 673 3747 sed
696 3683 792 3746 etiam
809 3684 850 3745 ad
869 3683 1052 3767 productam
1073 3680 1104 3742 V
1124 3677 1273 3743 vocalem.
1310 3675 1418 3754 Quare
1445 3669 1450 3679 ’

203 3796 405 3882 posteriorem
427 3798 574 3875 enuntiati
591 3796 677 3860 illius
696 3800 817 3882 partem
837 3804 882 3859 sio
902 3796 1033 3860 emendo
1053 3799 1173 3880 ‘neque
1187 3815 1293 3857 rursus
1311 3806 1417 3858 seeun-

200 3912 280 3976 dum
298 3911 395 3975 latum
414 3910 522 3977 literae
543 3933 655 3975 sonum
675 3909 923 3992 enuntiarentur,
944 3912 1031 3975 utin
1054 3932 1090 3974 eo
1113 3910 1196 3995 quod
1218 3918 1264 3972 cst
1283 3909 1416 3994 lugere

201 4026 361 4107 scribere’,
384 4034 419 4088 ut
439 4025 547 4090 eadem
567 4026 676 4090 existat
696 4026 847 4090 sententia
868 4049 961 4112 quam
983 4014 1112 4113 Seigius
1128 4025 1246 4091 Donati
1265 4025 1416 4111 interpres

202 4142 334 4228 petat
357 4141 394 4207 P.
416 4140 575 4225 proposuit
596 4145 686 4205 ‘nam
708 4140 888 4206 invenimus.
900 4142 953 4207 ubi
974 4140 1008 4228 [1
1023 4152 1052 4206 et
1066 4141 1112 4230 V]
1131 4162 1242 4206 sonum
1264 4139 1417 4227 explicent

202 4265 347 4322 suumut
369 4254 459 4346 virus·
482 4266 513 4336 et
540 4259 665 4322 rumor!
706 4257 795 4323 Haeo
820 4259 916 4322 rerba
936 4267 1100 4345 postquam
1118 4255 1320 4336 restituimus,
1346 4255 1417 4319 ilico

203 4391 239 4434 ea
260 4378 340 4455 quae
360 4372 545 4438 antecedunt
571 4378 621 4437 ‘ut
647 4374 680 4437 in
706 4374 774 4439 viro
796 4385 826 4438 et
847 4373 973 4438 virtute'
1001 4373 1306 4461 perspiciemusnon
1326 4392 1417 4457 posse

202 4484 284 4551 ferri.
324 4487 416 4552 Nam
442 4499 573 4574 aequata
601 4490 681 4553 inter
717 4511 751 4554 se
778 4472 850 4554 sunt
877 4490 1137 4577 respondentque·
1152 4492 1211 4551 ‘ut
1227 4487 1260 4549 in
1288 4486 1355 4550 niro
1387 4496 1419 4550 ct
