2902 5122
681 253 734 338 *27

103 483 263 550 demeum
282 480 427 543 inventor
453 478 519 565 ipso
544 486 684 541 mortuus
712 486 792 540 esset
816 499 875 540 usu
903 497 1009 540 earum
1035 498 1127 561 quem
1155 477 1207 542 lex
1228 478 1316 544 nulla

77 658 81 674 ,
99 604 219 662 Ι0010001
240 594 450 659 desisterent·
465 592 533 657 Etsi
553 601 655 656 autem
675 591 756 657 hacc
773 600 819 656 est
838 591 942 676 aliqua
962 591 1057 672 ratic,
1079 613 1099 653 a
1118 612 1192 656 vero
1211 601 1314 658 tamen

99 730 300 774 vereor-eam
328 708 368 772 ob
394 729 532 772 caussam
561 729 601 772 ne
628 707 795 772 abhorreat
817 707 900 792 quod
929 705 955 768 si
982 713 1143 792 tantopere
1169 706 1315 774 fratribus

100 824 270 888 Arvalibus
292 823 400 887 literae
413 845 490 908 quas
504 820 653 888 Claudius
667 822 832 887 induxerat
842 823 992 909 probatae
1006 829 1122 901 essent,
1143 821 1175 883 in
1195 820 1256 885 hac
1270 821 1314 884 in-

99 939 265 1026 scriptione
283 917 356 1002 000
369 938 464 1001 semel
483 945 602 999 tantum
623 936 724 1020 primo
751 958 843 1000 versu
864 934 1099 1002 dITELLIVS
1124 937 1316 1023 scripsissent

100 1054 262 1118 sedetiam
280 1053 404 1119 relicuis
425 1051 583 1117 vocabulis
609 1050 772 1135 inquibus
791 1050 823 1113 V
844 1072 1016 1115 consonans
1032 1051 1098 1135 (001
1110 1050 1164 1117 Ps
1177 1050 1313 1138 duplex)

100 1168 258 1254 reperitur
275 1165 520 1231 ARVALIVM
553 1163 814 1230 IMMOLAVIT
846 1163 947 1230 IOVI
982 1161 1175 1232 SALViVS
1210 1165 1315 1232 VAQ

58 1296 59 1299 ’
101 1280 196 1345 CAM
225 1281 307 1345 VIA
335 1277 589 1348 VIPSTANVS
618 1280 774 1365 digamma
802 1279 867 1363 (aut
893 1257 1067 1366 antisigma)
1095 1280 1313 1346 adhibuissent.

99 1395 211 1481 Itaque
233 1395 326 1460 aliam
336 1437 339 1442 »
348 1396 493 1482 equidem
507 1395 682 1483 explicandi
695 1395 777 1459 viam
797 1394 996 1479 ingrediebar
1008 1418 1070 1481 qua
1090 1405 1121 1460 et
1135 1397 1187 1482 qui
1200 1398 1314 1462 factum

100 1510 346 1596 sisintelligtsu
366 1521 401 1575 ut
420 1509 453 1574 in
472 1511 573 1597 primo
594 1509 746 1574 vocabulo
768 1509 853 1595 quod
872 1529 930 1595 per
949 1509 1221 1581 V‘consonantem
1242 1514 1314 1578 scri-

92 1625 583 1712 'biturdigammaxusurparenm
609 1625 762 1689 reicerent
787 1624 821 1686 in
849 1623 892 1688 eis
921 1645 1000 1708 quae
1029 1626 1142 1690 exinde
1161 1638 1314 1709 secuntur,

99 1750 129 1804 et
151 1740 250 1805 Taciti
267 1741 478 1809 testimonium
496 1740 664 1804 interfecto
680 1737 817 1805 Claudio·
839 1738 928 1802 novis
952 1739 1112 1803 literarum
1137 1742 1244 1805 formis
1270 1744 1315 1806 uti

102 1855 262 1920 Romanos
281 1855 442 1919 vabstitisse·
455 1864 574 1919 tantum
586 1887 587 1890 ¹
598 1855 685 1919 abest
710 1862 746 1917 ut
765 1854 921 1917 minuatur
939 1863 973 1917 ut
994 1855 1086 1919 etiam
1107 1839 1314 1921 confirmetur.

99 1969 256 2049 Quoniam
274 1971 357 2033 enim
371 1969 510 2033 versibus
524 1970 709 2034 ,tt-tisana
722 1969 761 2032 ab
769 1968 942 2032 >Arvalium
955 1969 1102 2033 fratribus
1112 1993 1139 2033 a.
1154 1972 1183 2034 d.
1195 1971 1257 2034 HI.
1272 1972 1312 2035 id.

97 2086 264 2150 Decembr.
286 2082 370 2170 (0011.
388 2083 514 2150 Marinii
533 2085 595 2149 tab.
616 2083 704 2148 XIH
721 2109 750 2148 v.
769 2085 802 2171 2)
816 2085 896 2148 facta
910 2095 1137 2168 memorantur,
1159 2086 1315 2172 prima-ta-

97 2200 190 2264 bulae
204 2199 475 2263 verbamanifesto
489 2199 529 2262 ad
548 2221 585 2263 ea
605 2208 782 2285 spectarunt
796 2221 875 2285 quae
894 2222 957 2265 uno
977 2201 1157 2288 pluribusve
1178 2201 1314 2265 eiusdem

99 2314 173 2381 anni
194 2314 301 2378 diebus
315 2313 524 2401 ¹superioribus
545 2315 664 2401 operati
682 2315 778 2378 erant.
805 2314 841 2380 Si
858 2314 952 2400 igitur
966 2315 1097 2402 septimo
1110 2325 1141 2378 et
1157 2316 1315 2402 octingen-

97 2429 208 2494 tesimo
231 2451 314 2495 anno
334 2430 412 2494 haec
430 2430 588 2516 inscriptio
612 2430 708 2494 incisa
722 2431 898 2517 >primaque
922 2431 1027 2495 tabula
1053 2431 1092 2495 de
1112 2431 1217 2516 aliquo
1243 2441 1315 2496 ante

98 2541 266 2608 Claudium
294 2553 451 2609 mortuum
471 2542 624 2627 (mortuus
651 2553 754 2608 autem
782 2568 808 2608 a.
836 2545 865 2608 d.
888 2545 951 2609 1Π.
975 2546 1015 2608 id.
1038 2546 1166 2610 Octobr.
1185 2547 1315 2632 est)·die

96 2657 230 2722 relatum
247 2668 337 2741 erat,
351 2710 353 2714 1
366 2657 450 2745 quod
483 2659 647 2742 quominus
675 2660 850 2724 coniectura
876 2658 1078 2736 informemus
1105 2660 1151 2723 nil
1164 2661 1314 2748 impedit,

96 2772 214 2859 primae
234 2771 358 2839 tabulae
379 2773 457 2860 quia.
471 2772 620 2839 Claudius
644 2775 802 2839 etiamtum
822 2774 975 2862 regnabat
998 2772 1188 2841 Claudianae
1206 2777 1314 2841 literae

96 2886 413 2977 inscriptae'tuerunt'.
441 2889 606 2953 Iamvcro
628 2910 666 2954 ea
686 2889 766 2975 quae
787 2890 847 2956 alio
866 2890 948 2956 intra
962 2915 989 2955 a.
1006 2892 1035 2956 d.
1050 2891 1113 2956 ΙΠ.
1135 2894 1177 2957 id.
1199 2892 1269 2960 001.
1284 2902 1315 2956 01

97 3030 125 3070 0.
148 3005 178 3070 d.
200 3005 272 3069 HI.-
286 3006 328 3073 id.
347 3005 426 3069 Dee
449 3003 585 3068 diea'cta
606 3014 694 3068 erant
707 3029 785 3070 cum
805 3017 1018 3093 exponerent,
1033 3008 1136 3094 primo
1162 3029 1314 3071 novarum

97 3121 256 3185 literarum
269 3140 345 3206 quas
359 3117 502 3205 proximo
517 3121 741 3184 commentario
757 3121 963 3186 adhibuerant
976 3143 1067 3185 usum
1088 3121 1314 3202 000110000001,

97 3236 210 3301 deinde
231 3246 334 3300 autem
356 3234 441 3321 quod
460 3243 569 3297 necato
585 3232 717 3299 Claudio
738 3235 826 3299 nulla
845 3237 907 3300 iam
929 3237 1108 3301 necessitate
1121 3237 1185 3300 istis
1205 3235 1313 3323 formis¹

97 3353 141 3417 011
156 3349 581 3438 cogebantur-ad.vulgarem
595 3349 750 3414 scribendi
764 3352 1017 3417 consuetudinem
1035 3373 1068 3416 se
1086 3352 1269 3416 rettulerunt
1281 3353 1313 3435 i).

140 3520 143 3524 ,
175 3465 446 3551 'Quandoquidem
471 3462 623 3528 Marinius
649 3488 680 3551 p.
710 3466 749 3529 97
777 3476 847 3553 post
880 3465 1046 3532 Clauditur
1071 3476 1229 3531 mortuum
1257 3487 1313 3529 suo

98 3583 218 3670 aliquos
233 3576 394 3646 arbitratu
408 3577 602 3644 'Claudianas
624 3579 728 3644 literas
755 3603 895 3646 servasse
912 3584 972 3648 sibi
991 3592 1186 3671 persuaserat
1192 3622 1200 3663 ‚·
1221 3579 1314 3646 etiam

98 3721 193 3786 quam
228 3694 411 3764 duodecimo
443 3693 514 3759 loco
541 3694 693 3759 collocavi
721 3697 951 3783 inscriptionem
979 3699 1151 3785 imperante
1175 3695 1341 3762 coniecit

97 3816 212 3880 factam
234 3833 300 3878 esse
319 3812 464 3892 Nerone,
484 3809 546 3873 hoc
565 3832 638 3873 usus
659 3810 909 3900 interrogationis
929 3833 1045 3899 genere
1065 3813 1132 3876 ‘chi
1145 3836 1181 3900 sa
1194 3810 1313 3878 che-de‘

96 3930 193 4018 tempi
213 3918 384 3994 Neroniani
405 3924 591 3989 similmente
611 3948 674 3990 non
694 3929 740 3992 sia
760 3928 783 3990 il
803 3927 975 4014 digamma·⁷
997 3929 1055 3994 che
1075 3927 1314 4028 0110010οῑοθ110

143 4132 162 4195 ¹)
185 4137 253 4184 Haec
270 4150 327 4184 cum
344 4136 442 4197 pridem
460 4136 590 4184 scriberem
607 4134 720 4183 nondum
743 4135 796 4181 eius
817 4132 989 4194 inscriptionis
1012 4132 1129 4180 notitiam
1146 4129 1223 4178 habui
1239 4142 1314 4192 quam

184 4239 248 4285 inire
271 4239 368 4284 tertiam
393 4235 512 4285 decimam
535 4225 775 4310 peremptis-uude
796 4234 947 4297 negligentia
968 4231 1146 4295 lapidariomm
1170 4245 1244 4294 qnam
1262 4244 1314 4279 non

183 4350 311 4399 nunquam
334 4337 467 4385 immodica
495 4306 571 4386 fuerit
597 4314 709 4385 discitur.
756 4324 837 4394 Quare
864 4334 970 4382 videatis
1001 4347 1033 4380 an
1056 4332 1148 4382 rectius
1176 4335 1313 4380 statuamus

185 4441 279 4501 priores
295 4439 395 4486 tabulae
412 4444 498 4486 venus
517 4438 648 4486 01100000
667 4435 772 4485 Claudio
790 4437 939 4498 inscriptos,
957 4435 1002 4483 seri
1020 4437 1050 4482 ab
1068 4431 1179 4487 0000010
1190 4433 1313 4498 ttpidario

184 4541 228 4605 qni
246 4539 431 4590 vffsrtuvs
447 4552 494 4602 pro
511 4538 655 4590 sicutne
677 4539 833 4601 expresserit
954 4585 958 4593 ,
