2902 5122
683 263 727 336 29

96 480 146 545 XI
169 481 210 543 14
231 478 398 544 ‘Claudius
419 485 483 541 tres
503 477 607 540 literas
628 476 738 539 adiecit
758 495 840 560 quae
860 478 927 540 usui
947 477 1213 572 imperitantem,
1240 491 1310 567 post

95 596 293 676 obliteratae,
314 591 504 678 aspiciuntur
517 589 610 656 etiam
622 591 759 654 nuncin
773 611 845 655 aere
865 590 1027 678 publicatis
1041 592 1205 679 plebiscitis
1217 600 1241 681 1)
1254 618 1311 682 per

95 711 164 775 lora
184 732 221 773 ae
240 707 356 794 templa
376 706 455 769 fixe’
483 726 548 769 non
574 704 633 768 nisi
659 703 776 790 publici
801 705 881 769 aeris
907 726 971 791 quo
995 707 1155 793 plebiscita
1175 710 1311 797 promul·
1422 790 1425 799 Ι

95 834 169 911 gata
189 833 278 888 erant
297 821 485 885 mentionem
500 819 587 899 iecit,
610 819 674 882 eius
695 819 741 882 rei
761 817 843 881 hanc
861 819 1148 908 esseNipperdeius
1169 846 1311 890 caussam

95 933 251 1023 perspexit
270 934 354 1018 quod
374 934 447 997 illae
467 933 603 997 maxime
630 932 844 1019 inscriptiones
869 934 927 998 sub
955 957 1151 1001 communem
1172 939 1311 1004 omnium

95 1058 252 1136 aspectum
277 1048 432 1112 subiectae
461 1057 557 1111 erant
607 1044 774 1114 Suetonius
806 1056 911 1111 autem
944 1046 992 1113 Cl.
1020 1049 1099 1115 XLI
1126 1063 1204 1117 extr.
1230 1065 1312 1140 post·

96 1186 191 1251 quam
210 1161 382 1250 principem
402 1170 436 1224 ut
456 1161 487 1223 in
508 1162 684 1247 promiscue
705 1183 806 1227 novae
826 1160 987 1226 literarum
1000 1164 1119 1229 formae
1140 1191 1197 1231 usu
1212 1178 1313 1232 essent

96 1301 160 1342 non
175 1278 339 1343 difficulter
358 1275 526 1340 obtinuisse
545 1276 639 1358 dixit,
661 1276 815 1340 ‘exstare‘
837 1274 977 1363 adiungit
998 1278 1108 1351 ‘talem
1128 1283 1312 1370 scripturam

95 1394 127 1455 in
148 1392 303 1479 plerisque
324 1391 413 1454 libris
433 1413 470 1454 ac
491 1390 609 1455 diurnis
621 1392 648 1476 ²)
668 1390 826 1476 titulisque
839 1392 994 1477 eperum'‚
1022 1394 1132 1478 quibus
1151 1417 1191 1459 ex
1210 1400 1312 1463 verbis

97 1507 181 1572 haud
203 1529 278 1572 sanc
299 1505 420 1591 exiguis
439 1505 553 1568 finibus
577 1513 660 1590 patet
675 1502 799 1568 Claudii
820 1505 946 1569 inventa
966 1507 1058 1571 fuisse
1073 1509 1311 1599 circumscripta.

96 1623 166 1686 Iam
188 1622 221 1686 id
249 1642 342 1706 agam
371 1628 404 1682 nt
429 1618 598 1682 accuratius
627 1619 786 1704 aliquanto
811 1620 935 1706 singula
961 1631 1139 1708 persecutus
1164 1636 1313 1723 quatenus

98 1735 290 1802 Claudianae
310 1734 417 1797 literae
438 1741 602 1819 usurpatae
622 1733 683 1796 sint
706 1754 870 1820 exponam.

180 1849 338 1928 Quoniam
371 1849 397 1911 si
433 1847 502 1933 quis
536 1847 611 1912 novi
644 1847 760 1932 aliquid
796 1849 976 1914 inducturus
1005 1862 1050 1916 est
1077 1853 1180 1940 ipsum
1207 1857 1315 1920 ceteris

95 1948 232 2053 primum
254 1963 433 2050 exemplum
455 1962 497 2027 ad
519 1962 703 2027 imitandum
722 1985 898 2050 proponere
916 1988 974 2051 par
995 1975 1056 2049 cst,
1086 1990 1193 2033 omnes
1211 1970 1315 2035 titulos

98 2081 274 2165 quicunque
300 2087 372 2165 pest
399 2101 427 2140 a.
454 2077 517 2141 800
545 2101 564 2141 a
591 2075 723 2142 Claudio
756 2078 822 2142 sive
849 2078 969 2145 Romae
997 2082 1063 2146 sive
1090 2083 1122 2145 in
1149 2084 1339 2170 provinciis·

98 2194 345 2258 inscribebantur
380 2191 561 2257 Claudianis
596 2191 691 2256 literis
718 2215 880 2280 expressos
915 2217 981 2260 esse
1013 2208 1122 2261 statuo.
1165 2198 1248 2262 Nam
1272 2200 1317 2263 in-

100 2307 223 2394 scriptio
248 2330 342 2393 quam
359 2305 547 2372 Muratorius
569 2306 650 2372 Nov.
675 2308 753 2371 thes.
775 2317 836 2372 vet
856 2308 932 2373 inse.
954 2311 1032 2392 444,
1053 2313 1075 2374 4
1094 2313 1235 2378 exhibet:

266 2423 403 2487 ‘Romae
424 2421 501 2508 lapis
528 2421 562 2484 in
582 2433 687 2486 monte
716 2415 855 2489 Caeliolo
881 2424 993 2489 effosus
1014 2449 1041 2489 a.
1070 2428 1152 2492 1729

327 2537 433 2601 'Misit
460 2535 601 2620 ignatius
630 2532 730 2599 Maria
761 2533 860 2602 Come
888 2532 1069 2626 Neapolita’

391 2650 419 2714 T
451 2648 469 2714 I
539 2683 546 2696 ·
618 2647 645 2714 C
671 2649 699 2712 L
725 2651 759 2714 A
787 2653 819 2715 V
848 2652 880 2716 D
909 2654 927 2717 Ι
957 2655 987 2718 V
1015 2654 1039 2721 S

389 2759 612 2830 DRVSI
664 2762 725 2828 F·
760 2764 1040 2834 CAESAR

390 2877 568 2945 AVG·
609 2878 1038 2953 GERMANICVS

391 2991 549 3058 PONT·
583 2991 1036 3066 MAX1TR113·POT·

288 3106 309 3172 5
394 3104 651 3173 virudinP·
675 3108 784 3175 XVI·
809 3110 1032 3180 cos-1111·

393 3221 625 3288 CENSOR
669 3223 1039 3298 PERPETVVS

331 3331 549 3404 AVCTIS
594 3333 811 3405 POPVLI
859 3342 1093 3410 ROltlANI

334 3481 337 3489 ·
393 3449 700 3520 FINIBVS·
732 3456 1040 3526 POMERIVM

332 3565 629 3632 AMPLIAVIT
659 3569 1092 3655 TERMINAVITQVE

271 3684 310 3746 10
642 3683 792 3749 XXXV·

152 4016 170 4072 ¹)
192 4016 222 4062 in
234 4013 344 4064 Medicco
363 4018 426 4064 libro
444 4021 482 4065 est
501 4017 622 4080 ‘publice
642 4018 679 4066 dis
690 4020 829 4081 plebiscitis
840 4035 885 4084 per
896 4022 971 4084 iora',
992 4024 1052 4073 olim
1066 4028 1206 4076 scribebant
1224 4028 1321 4091 ‘publi-

191 4114 277 4163 candis
290 4116 445 4181 plebiscitis),
457 4118 559 4182 Lipsius
574 4116 741 4182 ‘publicandis
754 4122 843 4184 scitia,
855 4123 957 4174 Grotius
971 4122 976 4148 ¹
983 4126 1141 4186 publicandis
1152 4131 1219 4190 plebi
1233 4130 1321 4189 sons,

192 4217 358 4279 Nipperdeiue
382 4216 497 4280 ‘publice
520 4234 565 4283 per
586 4220 621 4281 i',
645 4221 781 4270 Beckerum
804 4223 925 4272 enchirid.
947 4228 1024 4287 antiq.
1047 4228 1118 4275 Rom.
1135 4229 1160 4277 ΙΙ
1181 4233 1211 4290 2,
1229 4232 1278 4278 eet
1298 4239 1323 4278 ct

193 4317 386 4366 Mommsenium
403 4325 532 4368 comment
551 4336 602 4371 soc.
619 4320 657 4370 lit.
675 4320 766 4372 Saxon.
786 4323 852 4371 1855
877 4339 900 4385 p.
919 4326 968 4374 ³91
991 4341 1036 4386 ego
1055 4334 1154 4377 secutus
1174 4345 1236 4379 sum.

152 4412 174 4476 ¹)
198 4418 340 4467 Torrentius
357 4418 443 4467 ‘libris
460 4426 570 4471 aetorum
588 4423 758 4484 diumemm’‚
781 4425 893 4473 Muretm
917 4427 959 4482 (ad
982 4429 1038 4478 Tae.
1056 4442 1112 4479 ann.
1128 4431 1166 4479 ΠΙ
1187 4433 1216 4492 3)
1238 4431 1322 4481 ‘libris

192 4523 304 4567 mearum
322 4518 420 4567 diurnis
429 4519 443 4579 ’‚
461 4521 618 4571 Burmannus
638 4525 735 4586 ‘librie,
752 4527 814 4574 actis
833 4526 945 4574 diurnis!
