2902 5122
694 271 742 345 42

597 362 848 373 ———---——-

216 481 237 545 s
279 451 416 546 ‘vinu
444 480 724 547 onnvnrnn
749 480 1047 550 Avevsrnu

278 594 410 674 QVAM
456 594 637 662 DRVSVS
684 595 864 663 CAESAR
909 597 1045 664 PRIVS

279 708 1047 778 OBIOIB·PATEFACTIS·ITER·EXSIccato

483 823 685 889 FLVMINE
714 823 922 891 PVRGAV·

524 938 560 1004 M
570 978 584 1007 0
597 979 611 1008 0
625 978 640 1007 0
652 978 667 1007 0
678 939 708 1004 R
719 979 734 1008 0
748 937 802 1006 ST

466 1052 883 1122 S·P·M·P...Ovrav1't

113 1185 213 1230 novae
234 1165 393 1232 literarum
413 1169 532 1234 formae
558 1168 685 1232 inscribi
711 1190 775 1233 non
802 1175 968 1254 potuerunt
996 1169 1080 1254 quod
1107 1169 1140 1231 in
1167 1156 1337 1256 publicum

112 1299 204 1341 risum
231 1287 306 1343 tune
330 1306 350 1346 a
376 1281 508 1348 Claudio
536 1281 676 1346 nondum
710 1281 854 1347 inductae
880 1291 977 1348 erant.
1023 1281 1135 1369 Neque
1162 1283 1196 1346 in
1221 1283 1335 1348 inscri-

112 1394 218 1478 ptione
238 1392 295 1461 Or.
317 1396 378 1461 713
406 1418 498 1482 quam
523 1419 553 1483 p.
575 1397 616 1461 36
636 1395 802 1484 perscripsi
822 1397 850 1462 n
870 1406 901 1463 et
920 1397 973 1462 AI
992 1398 1189 1485 reperiuntur
1215 1399 1292 1483 quia
1315 1421 1336 1462 a

112 1507 286 1594 municipiis
313 1510 449 1597 vicisque
485 1510 608 1579 Claudii
641 1509 768 1575 inventa
803 1510 948 1578 universe
979 1513 1227 1599 negligebantur.
1276 1513 1336 1578 Ad

112 1643 266 1686 summam
292 1625 377 1710 quod
404 1624 567 1690 discrimen
591 1625 672 1690 inter
699 1625 796 1688 factas
823 1626 856 1688 in
883 1628 961 1691 urbe
983 1636 1016 1692 et
1040 1627 1073 1689 in
1094 1625 1263 1714 provinciis
1284 1626 1334 1690 in-

112 1736 293 1823 scriptiones
320 1739 437 1804 Zellius
463 1747 567 1805 servat
592 1739 626 1801 in
651 1739 782 1825 publicis
810 1739 877 1805 istis
903 1741 1113 1805 instrumentis
1142 1761 1207 1804 non
1235 1739 1334 1821 velet,

112 1849 169 1913 etsi
189 1851 332 1938 privatim
345 1851 465 1918 Romae
479 1853 627 1918 curiosius
641 1875 735 1940 quam
755 1854 829 1919 alibi
845 1863 1006 1942 usurpatas
1023 1853 1211 1922 Claudianus
1223 1853 1334 1918 literas

112 1985 179 2031 esse
200 1989 230 2053 p.
251 1967 293 2033 39
313 1967 462 2034 adsensus
481 1990 559 2033 sum.

546 2263 672 2384 taput
696 2272 893 2363 ocuvun.

196 2457 353 2536 Quoniam
373 2459 477 2523 multis
498 2460 590 2525 huius
618 2459 885 2526 commentationis
912 2458 987 2524 locis
1014 2428 1252 2545 inscriptionum,
1270 2455 1335 2522 La-

111 2572 346 2639 tinarumratio
367 2575 511 2639 habenda
532 2584 613 2658 erat,
640 2576 681 2641 ad
705 2596 773 2640 rem
793 2573 870 2638 duxi
895 2572 1069 2661 adpositum
1089 2582 1124 2637 ut
1145 2594 1196 2636 eas
1215 2571 1334 2656 quibus

111 2688 305 2774 potissimum
326 2689 490 2776 disputatio
511 2698 617 2754 nostra
642 2690 856 2755 continebatur
884 2710 924 2754 ex
952 2687 1153 2775 amplioribus
1174 2683 1334 2751 collectio-

111 2802 202 2866 nibus
230 2811 389 2889 excerptas
423 2803 475 2867 hic
508 2825 735 2890 componerem
792 2803 903 2888 Itaque
934 2803 968 2866 in
995 2801 1106 2886 quibus
1135 2799 1333 2867 Claudianae

111 2916 272 2982 literarum
291 2918 411 2981 formae
431 2917 596 3004 inscriptae
616 2925 687 2981 sunt
706 2916 810 2981 titulos
831 2926 1029 3002 quotcunque
1049 2936 1198 2980 noveram
1219 2934 1334 2978 omnes

111 3030 193 3095 infra
219 3030 317 3118 posui.
366 3029 511 3108 Quorum
535 3031 702 3097 nonnullos
730 3040 765 3096 ut
791 3032 857 3118 ipse
892 3053 932 3098 ex
959 3030 1098 3118 lapidum
1128 3027 1246 3114 ectypis
1275 3027 1333 3092 de·

54 3165 59 3175 '
112 3145 280 3210 scriberem
300 3144 460 3211 Ritschelii
479 3168 587 3210 rursus
607 3145 797 3212 humanitate
817 3147 894 3211 mibi
915 3145 1059 3231 contigit,
1080 3142 1213 3208 relicuos
1233 3141 1274 3206 ad
1294 3142 1333 3208 id

112 3280 267 3346 quemque
292 3260 469 3346 exemplum
498 3261 635 3348 expressi
669 3260 754 3345 quod
786 3260 1012 3325 accuratissime
1047 3258 1234 3344 descriptum
1261 3277 1335 3322 esse

111 3374 188 3438 milri
207 3395 429 3461 persuaseram.
462 3375 502 3439 In
522 3384 585 3440 tres
605 3394 680 3439 vero
696 3383 800 3461 partes
820 3375 863 3439 ita
877 3373 966 3438 divisi
987 3381 1022 3437 ut
1042 3394 1094 3438 eas
1114 3371 1334 3458 inscriptiones

111 3511 244 3574 quarum
275 3491 349 3553 anni
382 3490 433 3554 vel
468 3510 590 3554 menses
624 3488 766 3553 constitui
799 3497 929 3575 possunt
963 3488 1064 3574 prima
1096 3486 1333 3573 complecterer,

111 3603 209 3667 altera
229 3625 280 3668 eas
301 3625 381 3690 quae
400 3625 465 3668 non
484 3603 518 3667 in
538 3603 629 3667 unius
650 3602 705 3668 sed
729 3603 761 3667 in
789 3602 995 3690 complurium
1015 3622 1167 3665 annorum
1187 3608 1334 3684 tempora

111 3716 267 3801 incidunt,
287 3718 377 3784 tertia
396 3717 529 3804 denique
548 3725 703 3814 suspectas
723 3725 777 3783 aut
797 3715 955 3783 evidenter
974 3714 1070 3777 fictas.

112 4009 141 4072 1.
177 4008 259 4075 intra
279 4033 306 4074 a.
321 4010 351 4075 d.
367 4010 443 4076 VH.
457 4011 518 4075 kal.
532 4009 626 4075 Febr.
648 4033 675 4074 a.
697 4008 760 4072 800
779 4045 817 4056 -
840 4029 867 4070 a.
889 4006 919 4071 d.
933 4001 1009 4068 VII.
1030 4002 1092 4066 kal.
1112 4001 1206 4066 Febr.
1221 4023 1248 4065 a.
1263 4003 1327 4068 801

564 4124 653 4190 ruo
688 4120 865 4190 snnvrn

111 4236 159 4301 rr
186 4271 194 4285 ·
228 4224 396 4306 ennvnl
422 4273 429 4287 ·
459 4236 682 4307 consonis
708 4268 716 4283 ·
746 4232 877 4300 Ave·
908 4228 1162 4298 ennunuror
1194 4230 1328 4296 ronr-

551 4329 1327 4419 unx-rarecor-Vffeosffi·

147 4533 170 4579 1.
189 4530 263 4581 Orell.
274 4532 322 4580 709
335 4533 391 4582 coll.
400 4533 509 4584 Henzen.
524 4532 569 4580 ΠΙ.
578 4531 628 4580 vol.
637 4531 679 4580 Or.
689 4544 713 4592 p.
725 4531 757 4578 67
766 4519 860 4587 (Giorn.
870 4526 959 4578 moed.
973 4525 1082 4576 XXXIX
1091 4537 1117 4587 p.
1126 4525 1186 4581 227)
1194 4524 1329 4575 -Romae
