2902 5122
772 264 815 340 26

657 356 918 365 m

182 501 255 541 ann.
275 479 325 542 XI
347 481 385 543 13
407 481 469 544 ‘At
488 478 636 545 Claudius
655 480 841 554 matrimonii
868 481 915 543 sui
942 480 1068 566 ignarus
1093 489 1124 544 et
1149 482 1279 545 munia
1306 504 1402 546 cen-

182 594 291 656 soria
320 616 516 682 usurpans
545 595 728 660 theatralem
756 592 863 681 populi
889 594 1047 659 lasciviam
1073 596 1189 660 severis
1216 598 1323 662 edictis
1353 599 1402 663 in-

183 708 304 794 crepuit
323 745 364 756 ——
386 718 424 773 et
443 709 515 795 lege
534 710 597 773 lata
617 710 776 775 saevitiam
796 709 984 774 creditorum
1005 712 1140 776 coercuit
1155 750 1196 761 -
1213 711 1401 798 fontesque

181 845 332 908 aquarum
353 823 540 890 Simbruinis
568 824 698 889 collibus
726 824 873 889 deductos
900 825 970 889 urbi
997 824 1108 888 intulit.
1141 849 1182 890 ac
1210 849 1307 891 novas
1329 829 1399 893 lite-

179 961 285 1003 rarum
319 939 434 1003 formas
469 939 587 1004 addidit
624 939 843 1025 vulgavitque’
903 938 1087 1005 Censorium
1119 949 1193 1026 puto
1229 940 1399 1007 Gaesarem

180 1053 377 1140 proposuisse
404 1055 538 1120 edictum
567 1057 711 1140 (quornm
742 1054 914 1119 edictorum
949 1052 1098 1121 Suetonio
1126 1055 1175 1149 CL
1203 1055 1286 1121 XVI
1314 1067 1396 1122 extr.

178 1177 255 1234 teste
274 1191 421 1254 magnam
443 1170 552 1234 effudit
575 1169 705 1255 copiam)
735 1191 797 1255 quo
826 1179 971 1256 quattuor
997 1170 1069 1234 istas
1098 1170 1256 1235 literarum
1276 1173 1397 1237 formas

177 1284 364 1348 necessarias
393 1307 459 1348 esse
494 1305 679 1371 expromens
707 1293 741 1347 ut
774 1294 958 1370 usurparent
983 1285 1141 1357 Romanos
1169 1271 1395 1352 dohortaretur.

177 1421 250 1462 nam
278 1400 509 1463 commendasse
540 1422 612 1464 cum
646 1401 837 1487 suasisseque
870 1423 907 1464 ac
939 1421 1003 1464 non
1029 1399 1196 1485 imperasse
1224 1401 1274 1465 vel
1303 1423 1395 1488 prae-

177 1513 334 1599 scripsisse
354 1522 388 1576 ut
408 1535 504 1578 novas
533 1514 637 1580 literas
658 1516 840 1581 adhiberent
864 1515 937 1580 inde
965 1515 1116 1580 concludo
1145 1516 1275 1600 quodsi
1296 1516 1396 1603 irnpe-

176 1634 262 1690 rator
282 1627 418 1692 iussisset
438 1629 506 1693 fieri
534 1652 598 1693 non
620 1633 719 1720 potuit
745 1633 820 1719 quin
840 1632 1088 1718 obtemperantes
1106 1631 1236 1717 imperio
1257 1632 1395 1698 Romani

174 1742 272 1806 multo
305 1745 404 1828 magis
438 1743 616 1809 Claudianis
651 1746 784 1810 inventis
816 1747 1068 1833 frequentiusque
1104 1754 1262 1812 uterentur
1295 1769 1394 1831 quam

175 1878 284 1943 reapse
305 1879 376 1922 usos
397 1880 464 1922 esse
484 1859 697 1947 inscriptiones
719 1861 892 1925 ostendunt.

633 2083 931 2093 ---·-—--.-——

617 2259 741 2373 taput
772 2250 938 2353 sextum.
988 2247 991 2253 ’
1048 2263 1050 2267 ’

254 2448 365 2511 Altera
384 2448 461 2510 haec
492 2450 628 2534 quaestio
659 2451 760 2514 existit
789 2451 914 2536 quando
941 2450 1038 2513 literis
1060 2472 1079 2512 a
1101 2447 1232 2516 Claudio
1253 2450 1391 2514 inventis

172 2564 216 2626 uti
236 2563 389 2627 desierint.
441 2561 638 2649 Quamquam
663 2565 746 2630 enim
773 2586 838 2629 non
865 2573 982 2630 temere
1010 2566 1065 2629 sed
1090 2566 1176 2630 iustis
1204 2565 1243 2630 de
1269 2567 1388 2629 caussis

170 2678 242 2742 istas
269 2677 447 2743 literaturae
474 2679 633 2744 Romanae
666 2681 918 2747 commutationes
951 2679 1115 2745 Gaesarem
1150 2677 1292 2744 molitum
1320 2701 1390 2744 esse

170 2792 399 2879 perspeximus,
427 2803 531 2858 tamen
556 2793 589 2858 id
618 2816 681 2859 non
709 2796 837 2880 perfecit
861 2806 895 2858 ut
914 2794 1090 2859 firmitatem
1116 2803 1248 2859 nanctae
1267 2794 1387 2860 invete-

170 2916 342 2989 rascerent,
363 2930 472 2972 uerum
491 2907 667 2994 planissime
680 2907 762 2996 apud
777 2909 920 2974 Tacitum
934 2908 985 2973 XI
1000 2909 1040 2972 14
1054 2918 1132 2974 extr.
1147 2910 1223 2974 haec
1237 2909 1389 2995 leguntur

170 3022 336 3089 ‘Claudius
365 3024 427 3086 tres
455 3023 558 3088 literas
589 3023 701 3098 adiecit
728 3046 812 3110 quae*
836 3025 905 3089 usui
930 3025 1125 3111 imperitante
1151 3047 1205 3107 eo,
1234 3033 1303 3111 post
1331 3025 1387 3088 ob-

169 3138 322 3219 literatae,
348 3139 539 3224 aspiciuntur
572 3139 663 3202 etiam
699 3163 782 3204 nune
810 3142 843 3204 in
869 3160 941 3205 aere
969 3161 995 3204 e.
1023 3163 1052 3224 q.
1081 3141 1115 3202 s.'
1142 3141 1254 3224 quibus
1281 3141 1386 3204 verbis

169 3253 272 3318 literas
301 3252 487 3319 Claudianae
516 3253 648 3319 Claudio
675 3277 757 3319 anno
782 3279 812 3320 u.
843 3278 868 3318 c.
898 3254 1028 3340 septimo
1061 3263 1092 3318 et
1130 3253 1384 3340 octingentesimo

170 3371 208 3454 (a.
230 3395 260 3459 p.
282 3369 340 3437 Oh.
360 3395 391 3435 n.
413 3372 468 3456 54)
487 3380 610 3436 mortuo
637 3371 779 3456 campani
804 3369 929 3434 desiisse
958 3367 1140 3432 declaratur.
1181 3369 1250 3435 Nec
1270 3369 1384 3433 falsum

80 3509 84 3517 ·
167 3484 285 3549 Latinis
305 3485 553 3571 inscriptionibus
567 3484 667 3548 Taciti
687 3505 754 3548 csse
774 3484 982 3549 testimonium
996 3484 1162 3572 probatur,
1182 3500 1254 3548 eum
1275 3505 1384 3548 omnes

168 3600 200 3661 in
223 3601 401 3665 universum
420 3600 500 3663 tituli
520 3599 552 3662 in
574 3599 685 3684 quibus
708 3621 809 3665 novae
828 3599 988 3664 literarum
1015 3601 1134 3664 formae
1154 3607 1338 3684 comparent·
1351 3609 1383 3660 et

167 3736 300 3799 quorum
327 3701 473 3802 tempora*
495 3723 635 3778 constant
669 3727 820 3800 regnante
850 3713 982 3780 Claudio
1015 3713 1153 3798 inscripti
1178 3713 1255 3774 sint.»
1296 3708 1382 3776 Sane

85 3807 88 3815 ¹
167 3827 294 3914 quidem
315 3829 354 3893 ab
379 3851 416 3894 eo
444 3851 501 3893 nos
523 3829 681 3894 discedere
708 3839 829 3916 oportet
856 3851 949 3914 quem
976 3851 994 3893 e
1018 3828 1152 3894 Marinio
1180 3827 1263 3890 ‘Att
1290 3827 1382 3890 Aru'

165 3943 331 4009 tab.·XIV
352 3967 382 4032 p.
405 3942 516 4010 CXVI
542 3945 624 4008 infra
648 3967 672 4008 s.
694 3968 725 4008 n.
745 3946 764 4007 7
787 3944 950 4032 descripsi.¹
983 3942 1072 4008 Haec
1090 3941 1173 4007 enim
1192 3941 1382 4027 tabulaque

166 4058 224 4126 On.
250 4058 381 4124 Domitii
408 4059 614 4125 Ahenobarbi
642 4082 704 4146 quo
737 4049 827 4124 natus
860 4059 948 4124 Nero
981 4068 1047 4123 erat
1073 4058 1241 4123 memoriae
1267 4057 1380 4120 fratres

165 4160 301 4265 Arvales
323 4172 437 4242 bouem
457 4197 576 4240 marem
603 4174 778 4239 immolasse
804 4175 936 4239 traditur
964 4173 1047 4239 haud
1076 4173 1204 4238 dubium
1231 4182 1277 4238 est
1304 4172 1381 4257 quin

163 4280 234 4382 p'ost
270 4288 442 4357 Neroniani
480 4291 566 4356 initia
595 4290 716 4378 imperii
749 4290 844 4369 literis
883 4290 1063 4378 consignata
1095 4288 1142 4353 sit.
1181 4289 1219 4353 cf.
1250 4287 1381 4373 ,Marinii

166 4405 228 4471 tab.
248 4380 344 4472 XIII.
376 4406 484 4486 Quare
504 4407 654 4472 Marinius
674 4429 704 4495 p.
725 4407 764 4471 97
793 4406 982 4493 excogitatas
1003 4428 1022 4468 a
1044 4403 1176 4493 Claudio
1197 4404 1302 4469 literas
1316 4403 1380 4466 Ar-

163 4521 278 4587 valium
298 4524 429 4589 fratrum
449 4524 582 4610 collegio
602 4522 681 4589 adeo
709 4521 860 4608 placuisse
883 4521 1083 4604 existimavit,
1109 4531 1143 4585 ut
1164 4529 1290 4593 netum
1313 4518 1380 4602 qui-
