2932 5124
168 1167 331 1266 Quantum
352 1183 392 1247 ad
413 1181 555 1245 Latinam
583 1182 722 1267 linguam
748 1183 1004 1247 conformandam
1031 1190 1123 1266 atque
1149 1180 1292 1245 excolen-

66 1298 154 1362 dam
174 1300 254 1364 inde·
273 1299 312 1362 ab
340 1297 556 1382 antiquissimis
583 1297 773 1383 temporibus
799 1299 1071 1384 grammaticorum
1092 1297 1222 1361 valuerit
1242 1317 1291 1360 ars

83 1422 113 1476 et
141 1414 295 1496 doctrina,
324 1424 429 1478 nostra
458 1413 583 1477 domum
611 1422 709 1476 aetate
735 1413 848 1498 patuit,
879 1435 939 1497 qua
966 1412 1102 1498 singulas
1133 1411 1292 1476 literarum

81 1526 264 1593 Latinarum
284 1529 536 1593 commutationes
553 1550 573 1589 a
585 1527 712 1590 literatis
733 1527 862 1613 singulis
876 1527 973 1590 factas
989 1549 1055 1591 esse
1069 1527 1291 1613 perspeximus.

82 1641 138 1728 Sp.
161 1644 243 1706 enim
265 1641 417 1709 Carvilius
445 1642 629 1727 Rugaezlib.
651 1651 681 1706 et
703 1639 736 1706 G
763 1652 983 1706 consonantem
1008 1642 1041 1706 in
1062 1641 1221 1706 literarum
1240 1664 1292 1705 or·

82 1757 187 1821 dinem
214 1757 343 1821 adscivit
370 1765 461 1820 etex
484 1755 513 1821 O
536 1764 566 1820 et
586 1755 614 1820 Ε
636 1755 794 1822 vocalibus
816 1757 846 1820 in
869 1756 900 1819 V
928 1765 959 1821 et
979 1756 1004 1841 Ι,
1025 1778 1117 1821 sonos
1146 1755 1293 1820 vicissitu-

82 1873 187 1936 dinem
215 1872 336 1936 videtur
350 1871 517 1938 effecisse„
555 1871 677 1942 Ennius
701 1873 883 1935 hexametro
917 1893 1008 1936 versu
1036 1895 1055 1933 a
1082 1869 1210 1948 Graecis
1240 1869 1293 1933 ad-

82 1995 204 2072 sumpto
225 1985 394 2072 geminavit
415 1995 627 2051 consonantes.
664 1986 769 2050 Attius
793 1987 825 2049 A
838 1985 911 2049 EV
933 1986 1044 2070 longas
1064 1985 1131 2050 Aa
1151 1983 1209 2071 ΕΕ
1230 1982 1293 2046 VV

82 2101 240 2187 scripturis
261 2102 426 2187 expressit,
455 2102 486 2164 in
512 2100 532 2165 ΙΙ
559 2101 673 2186 longae
702 2101 801 2164 vicem
821 2099 867 2164 ΕΙ
890 2099 1058 2180 substituit,
1088 2098 1119 2162 V
1140 2096 1241 2162 vocali
1261 2095 1292 2175 Q

82 2215 259 2300 praeposuit
285 2238 343 2302 pro
373 2215 400 2282 G
428 2225 481 2279 aut
507 2214 549 2278 K.
591 2214 729 2294 Lucilius
757 2215 846 2279 Attio
874 2215 1054 2278 adversatus
1074 2213 1168 2281 aliam
1189 2211 1294 2276 esseI

82 2341 205 2392 tenuem
226 2330 323 2394 voluit
344 2352 423 2415 quae
444 2330 510 2395 sola
530 2330 548 2394 I
568 2331 671 2409 litera,
699 2330 791 2398 aliam
812 2329 831 2394 I
851 2330 998 2417 pinguem
1020 2337 1172 2414 quaeant
1192 2326 1294 2392 una-I

82 2455 135 2510 aut
156 2445 204 2510 ΕΙ
224 2446 320 2510 literis
341 2447 543 2513 scriberetur⁸⁴
574 2443 700 2512 'Iulium
729 2443 906 2513 Gaesarem,
923 2467 988 2508 non
1013 2444 1107 2509 modo
1133 2442 1294 2537 probabile

14 2578 16 2582 ⁴
83 2569 129 2627 est
146 2561 183 2626 ,in
205 2582 324 2624 morem
338 2562 446 2645 apices
454 2559 636 2645 perduxisse
657 2559 768 2643 quibus
782 2559 944 2645 productio
958 2553 1112 2625 vocalium
1126 2567 1294 2640 notaretur,

83 2675 136 2738 sed
169 2674 261 2738 etiam
293 2674 549 2743 declinandorum
575 2673 748 2742 ⁴verborum
776 2674 891 2737 formas
921 2695 1051 2737 novasse
1078 2673 1293 2759 comperimus.

83 2788 172 2853 Haec
193 2788 336 2875 exempla
358 2789 521 2853 assimilia
540 2789 566 2851 si
587 2797 775 2874 spectamuS,
804 2810 869 2853 non
895 2788 1009 2853 mirum
1029 2788 1119 2851 nobis
1140 2788 1295 2857 videbitur
1327 2776 1335 2793 ¹

84 2903 168 2988 quod
202 2903 259 2973 Ta
285 2902 433 2972 Claudius
466 2903 597 2984 Caesar,
630 2903 725 2967 homo
742 2970 745 2974 ,
762 2906 877 2987 ‘neque
903 2901 1086 2967 infacundus
1113 2901 1295 2996 usquein

84 3019 207 3099 doctuS,
236 3018 298 3081 imo
328 3018 420 3082 ctiam
439 3016 635 3103 pertinaciter
655 3016 832 3080 liberalibus
854 3016 960 3080 studiis
983 3017 1103 3081 deditus
1111 3018 1127 3099 ',
1155 3016 1295 3104 linguam

83 3132 226 3196 Latinam
254 3132 418 3196 excolendi
445 3131 546 3195 studio
574 3132 715 3195 incensus
737 3132 826 3195 novis
854 3131 950 3195 literis
971 3131 1065 3195 auxit.
1108 3130 1203 3210 Quod
1225 3155 1296 3196 cum

85 3246 251 3313 Suetonius
273 3247 389 3310 rettulit
409 3245 519 3311 Claud.
541 3244 620 3308 XLI
642 3245 765 3309 ‘Novas
788 3246 877 3309 etiam
900 3255 1090 3310 commentus
1119 3255 1165 3309 est
1192 3246 1295 3310 literas

82 3371 151 3431 tres
160 3383 341 3425 ac‘numero
356 3370 495 3425 veterum
513 3362 600 3446 quasi
613 3361 747 3424 maxime
761 3360 947 3424 necessarias
961 3359 1093 3442 addidit,
1111 3360 1150 3425 de
1165 3383 1296 3446 quarum
1404 3413 1406 3418 .

83 3477 203 3542 ratione
231 3498 301 3540 cum
327 3477 463 3561 privatus
491 3475 593 3539 adhuc
617 3476 762 3540 volumen
786 3475 945 3556 edidisset,
972 3497 1048 3539 mox
1067 3476 1210 3563 princeps
1231 3499 1296 3541 non

85 3591 250 3656 difficulter
272 3590 402 3654 obtinuit
422 3600 455 3653 ut
475 3590 507 3653 in
527 3613 585 3654 usu
605 3612 728 3676 quoque
743 3590 919 3677 promiscuo
935 3592 1059 3671 essent',
1081 3600 1147 3653 tum
1161 3590 1296 3674 Tacitus,

85 3708 135 3770 cui
155 3707 249 3793 digna
270 3727 320 3770 res
342 3705 406 3768 visa
435 3714 480 3768 est
504 3716 632 3791 propter
654 3726 747 3788 quam
774 3705 814 3768 ad
835 3704 1011 3768 literaturae
1031 3704 1184 3790 originem
1203 3707 1297 3770 histo-

84 3822 223 3906 riamque
245 3820 481 3906 degrederetur,
504 3819 604 3883 annal.
619 3819 670 3883 XI
688 3821 726 3884 13
750 3824 803 3883 ‘ac
823 3841 919 3883 novas
940 3820 1100 3884 literarum
1114 3819 1231 3883 formas
1245 3820 1296 3883 ad-

86 3937 162 3999 didit
183 3935 398 4020 vulgavitque,
421 3943 577 4021 comperto
594 3932 747 3999 Graecam
768 3955 891 4019 quoque
912 3934 1103 3997 literaturam
1121 3955 1185 3997 non
1205 3934 1296 3998 simul

85 4061 225 4137 coeptam
241 4049 488 4135 absolutamque'
511 4059 541 4112 et
559 4048 611 4112 XI
626 4050 666 4111 14
690 4047 778 4127 ‘Quo
793 4046 937 4134 exemplo
953 4046 1100 4112 Claudiam
1114 4058 1176 4112 tres
1193 4048 1297 4112 literas

85 4165 196 4229 adiecit
216 4186 242 4229 e.
258 4187 287 4249 q.
303 4165 336 4227 a'
374 4165 493 4228 Verum
516 4163 638 4230 Claudii
657 4165 782 4227 inventa
803 4164 943 4247 quamvis
964 4163 1050 4226 utilia
1070 4164 1165 4227 literis
1179 4163 1297 4228 Latinis

85 4280 213 4343 fuissent
239 4289 343 4343 tamma
370 4302 433 4343 non
463 4300 560 4365 aeque
587 4289 679 4364 atque
698 4275 827 4342 Carvilii
848 4286 879 4340 et
898 4276 993 4341 Ennii
1021 4287 1051 4341 et
1076 4277 1209 4343 aliorum
1228 4301 1298 4365 per·

85 4403 273 4457 manserunt.
323 4394 405 4458 Nam
438 4418 508 4458 cum
537 4417 616 4480 quos
646 4416 739 4481 supra
771 4392 837 4456 dixi
870 4392 1063 4479 grammatici
1096 4413 1136 4456 ne
1165 4391 1298 4458 Caesare

87 4510 210 4596 quidem
232 4519 361 4597 excepto
385 4531 421 4573 ea
442 4510 633 4596 potissimum
651 4508 830 4574 auctoritate
846 4509 1069 4571 sustinerentur
1083 4530 1177 4592 quam
1191 4509 1297 4572 studiis

1114 4609 1127 4669 1

1117 4731 1133 4761 ἱ
