2902 5122
478 447 573 514 runo
966 449 987 512 9
1008 446 1055 511 bis
1076 455 1107 512 et
1128 447 1167 511 19

478 539 584 630 oret
968 564 989 627 a

478 675 713 744 fflTELLIVS
970 679 988 742 7

480 790 691 860 rIOdEMVS
949 794 989 857 13

479 907 668 975 dOfflMVs
950 908 990 971 13

150 1084 154 1091 .
482 1023 659 1091 VOAIMV
659 1020 684 1089 8
950 1023 989 1086 13

97 1176 100 1180 ’
150 1139 317 1206 Praeterea
352 1138 537 1226 pergrandis
564 1139 714 1224 dligura
750 1139 782 1201 in
816 1138 946 1224 plumbo
980 1136 1132 1224 reperitm
1164 1137 1249 1224 quod
1282 1139 1373 1202 infra

150 1254 183 1321 in
204 1255 333 1341 septimo
353 1255 453 1342 capite
473 1254 690 1319 describemus.
1445 1264 1448 1269 ⁴

233 1369 306 1449 Quo
327 1392 410 1436 anno
430 1370 476 1434 uti
497 1370 654 1456 digamma
668 1368 840 1435 Claudiano
858 1368 1015 1456 coeperint
1027 1376 1058 1432 et
1072 1368 1196 1454 qnando
1210 1367 1372 1451 desierint,

140 1487 224 1551 'cum
244 1485 361 1551 relicua
382 1483 505 1551 Claudii
525 1485 651 1550 inventa
678 1485 940 1566 enarraverimus,
966 1483 1172 1570 peculiaribus
1198 1491 1266 1548 tum
1283 1486 1373 1573 capi-

151 1600 232 1665 tibus
251 1621 391 1686 agemus.
433 1601 554 1665 Verum
580 1601 633 1666 bic
659 1599 746 1664 locus
773 1609 820 1664 est
846 1609 881 1664 ut
907 1600 948 1664 de
966 1597 1005 1665 Ο.
1025 1597 1063 1663 L.
1086 1596 1269 1665 Schneideri
1296 1621 1368 1665 sen·

151 1716 247 1779 tentia
266 1717 455 1781 mentionem
475 1715 621 1780 faciamus
643 1738 707 1780 non
727 1737 793 1780 esse
807 1717 934 1780 omnino
953 1714 1118 1781 aGlandio
1137 1715 1259 1779 literam
1275 1715 1371 1781 istam

153 1830 310 1895 inventam
337 1831 547 1895 existimantis.
597 1830 692 1909 Quod
720 1832 767 1893 ait
790 1830 922 1917 intelligi
949 1831 975 1894 si
1004 1841 1127 1919 praeter
1153 1830 1372 1917 inscriptiones

155 1946 303 2030 quasdam
324 1968 404 2033 quae
423 1969 488 2011 non
508 1947 541 2009 in
558 1945 730 2012 Claudiana
745 1956 885 2032 tempora
898 1945 1034 2012 incidere
1048 1947 1227 2010 viderentur
1247 1945 1373 2031 aliquot

154 2070 294 2125 veterum
314 2062 586 2147 grammaticorum
606 2062 692 2126 locos
707 2061 884 2147 diligentius
898 2061 1128 2148 inspiceremus.
1160 2059 1280 2125 Titulos
1296 2069 1373 2127 ante

155 2174 321 2241 Claudium
341 2175 504 2262 discriptos
524 2176 557 2239 in
578 2176 688 2262 quibus
710 2173 737 2237 d
759 2176 915 2262 digamma
933 2176 1091 2263 legeretur
1118 2196 1218 2261 neque
1239 2172 1374 2240 Schnei-

155 2290 246 2355 derus
268 2303 369 2376 neque
390 2290 441 2354 alii
463 2291 631 2356 attulerunt
650 2313 709 2357 nec
729 2314 803 2356 vero
826 2313 886 2378 ego
908 2292 1041 2378 repperi.
1085 2289 1372 2357 Grammaticorum

154 2414 258 2469 autem
278 2415 418 2470 veterum
437 2405 524 2470 locos
552 2406 662 2493 quibus
685 2403 894 2472 Schneiderus
923 2407 1019 2471 utitur
1046 2429 1107 2492 quo
1133 2405 1254 2470 facilius
1280 2405 1373 2469 vobis

154 2521 213 2585 hac
241 2521 281 2586 de
313 2543 349 2586 re
381 2522 530 2586 reddatur
555 2521 703 2586 iudicium
731 2531 856 2587 cunctos
889 2523 1089 2608 perscribam.
1139 2519 1308 2590 Diomedes
1338 2543 1371 2608 p.

154 2639 217 2702 418
238 2637 275 2702 Ρ.
297 2636 412 2701 ‘Huic‘
431 2637 543 2723 inquit,
564 2637 596 2701 id
618 2646 663 2702 est
677 2636 709 2701 V
727 2636 850 2717 literae,
872 2637 961 2700 ‘item
982 2637 1139 2723 digamma
1159 2635 1269 2700 ascribi
1291 2634 1374 2700 solet

155 2763 190 2817 ut
211 2775 281 2816 cum
302 2752 360 2816 sibi
381 2753 440 2839 ipsi
459 2753 675 2840 praeponitur,
696 2761 730 2815 ut
751 2751 897 2815 serFus
918 2751 1070 2839 Vulgus
1090 2799 1097 2814 .
1116 2773 1190 2815 nam
1204 2750 1235 2815 V
1249 2750 1372 2816 literam

155 2867 308 2955 geminari
334 2867 368 2930 in
395 2889 456 2931 una
483 2867 606 2953 syllaba
631 2888 722 2955 posse
749 2866 875 2953 plurimi
903 2868 1038 2954 negant!
1090 2865 1180 2945 Quae
1209 2868 1304 2932 verba
1330 2886 1372 2930 ex

156 2984 293 3048 maxima
312 2993 400 3072 parte
421 3008 440 3048 a
461 2986 587 3049 Donato
608 3008 638 3072 p.
663 2984 744 3048 1736
772 2981 901 3068 repetita
929 2980 1060 3071 Sergius
1088 3008 1118 3072 p.
1148 2983 1230 3048 1827
1257 2982 1372 3069 planis·
1409 3004 1413 3011 ·

157 3100 235 3164 sime
255 3100 299 3163 sic
318 3101 538 3188 interpretatur
566 3099 749 3164 ‘Praeterea
776 3107 806 3163 et
833 3099 895 3163 hoc
922 3100 1084 3186 proprium
1107 3098 1137 3160 V
1157 3099 1251 3162 habet
1273 3106 1307 3162 ut
1328 3097 1373 3162 di·

157 3236 306 3302 gammon
338 3225 427 3280 sonet
455 3215 475 3278 i.
504 3235 531 3279 e.
560 3214 677 3302 pingue
706 3214 853 3301 quiddam
886 3236 959 3278 cum
992 3213 1051 3278 sibi
1077 3214 1143 3300 ipsa
1173 3200 1373 3301 praeponitur

158 3341 192 3396 ut
216 3353 357 3395 seruus
386 3330 561 3418 uulgus.
585 3339 631 3394 est
658 3339 761 3394 autem
789 3329 963 3417 digammos
995 3325 1077 3393 dicta
1107 3328 1302 3395 Graecorum
1334 3349 1373 3393 eo

159 3446 243 3533 quod
274 3447 433 3511 character
460 3446 526 3509 eius
554 3467 594 3509 ex
620 3444 740 3509 duabus
766 3445 898 3530 gemmis
923 3444 960 3507 fit
985 3465 1013 3508 e.
1034 3466 1065 3530 q.
1089 3444 1122 3507 s.‘
1170 3442 1313 3507 Donatus
1331 3442 1373 3506 ad

159 3561 285 3626 Terent
316 3561 419 3626 Andr.
445 3560 464 3624 I
489 3561 526 3641 2,
552 3560 574 3624 2
602 3558 661 3623 ‘Et
687 3558 823 3624 Dauus
850 3581 913 3622 non
940 3568 1024 3624 recte
1051 3559 1211 3637 scribitur,
1237 3558 1373 3619 Dauos

159 3677 357 3742 scribendum
379 3676 451 3763 quia
472 3675 559 3739 nulla
580 3674 668 3739 litera
687 3674 802 3738 vocalis
824 3672 981 3759 geminata
1001 3694 1095 3735 unam
1115 3670 1270 3756 syllabam
1291 3666 1372 3731 facit.

161 3794 217 3858 sed
238 3794 310 3879 quia
331 3793 516 3880 ambiguitas
536 3792 662 3857 vitanda
682 3799 728 3855 est
756 3788 937 3852 nominativi
964 3786 1129 3874 singularis
1159 3795 1189 3849 et
1209 3781 1375 3848 accusativi

162 3909 307 3997 pluralis,
335 3908 506 3972 necessarie
533 3929 591 3994 pro
626 3907 685 3971 hae
712 3905 823 3992 regula
858 3903 1016 3990 digamma
1042 3902 1157 3965 utimur
1189 3909 1219 3965 et
1246 3899 1375 3963 dicimus

162 4025 305 4090 DaFus
326 4022 474 4089 serFus
496 4022 667 4087 coann‘
711 4020 879 4086 Oledonius
901 4043 930 4106 p.
954 4019 1036 4083 1882
1060 4017 1176 4100 ‘Huic,
1198 4016 1228 4080 V
1250 4014 1376 4097 scilicet,

161 4140 317 4206 interdum
346 4137 526 4225 digammon
554 4106 688 4204 adscribi
709 4137 802 4219 solet3
830 4136 883 4200 alii
901 4136 945 4200 sic
965 4135 1075 4202 volunt
1096 4156 1163 4200 csse
1184 4133 1374 4220 digammon.

162 4256 201 4321 In
221 4254 377 4343 geminata
397 4253 429 4318 V
450 4275 593 4339 gammae
621 4254 700 4318 duae
728 4251 869 4320 Graecae
897 4251 1005 4316 literae
1024 4259 1182 4338 ponuntur
1202 4249 1263 4314 hoc
1281 4245 1376 4312 modo

164 4370 284 4460 ..le
314 4380 438 4436 utnon
464 4370 678 4456 intelligantur
709 4377 868 4457 separatae
898 4367 955 4432 sed
986 4368 1127 4447 iunctae,
1161 4387 1202 4430 ne
1229 4363 1377 4448 uulgus

164 4487 316 4568 dicamus3
336 4486 397 4550 boc
418 4487 458 4550 ab
478 4485 617 4551 Aeolicis
637 4484 805 4571 processit¹
847 4484 998 4549 Annaeus
1019 4482 1177 4550 Cornutus
1198 4479 1280 4566 apud
1302 4478 1378 4544 Cas-
