2902 5122
757 261 802 335 32

173 477 238 540 fixa
259 499 321 562 qua
335 475 494 541 veteranis
523 472 671 539 Claudius
699 475 853 538 civitatem
880 483 911 538 et
938 475 1104 568 conubium
1126 475 1210 541 dedit
1230 477 1397 564 descripta,

176 613 239 654 nou
264 590 379 676 ipsum,
397 589 532 676 primum
562 589 741 674 exemplum
769 598 856 670 sunt,
889 589 921 653 id
950 589 1034 674 quod
1064 579 1397 659 GERMANNIOVS

174 705 270 769 verbo
299 704 427 792 aliisque
464 704 637 791 scripturae
665 703 965 788 inaequabilitatibus
999 704 1073 769 satis
1107 704 1338 771 demonstratur
1367 717 1399 771 et

175 819 373 886 disertissime
400 820 433 880 in
461 818 529 903 ipsa
554 817 663 881 tabula
688 842 719 881 v.
741 818 783 882 23
810 819 958 904 scriptum
979 825 1033 894 est.
1075 818 1116 881 In
1138 821 1308 907 archetypo
1341 821 1397 885 illo

176 932 300 1020 publiea
321 934 500 998 auctoritate
522 930 663 996 confecto
684 952 785 998 novae
810 932 917 997 literae
945 933 1111 1022 inscriptae
1130 945 1232 1017 erant,
1262 957 1398 1020 quarum

176 1048 269 1113 etiam
292 1071 375 1112 nuno
403 1047 533 1132 vestigia
562 1046 594 1109 in
622 1044 772 1112 Stabiano
802 1046 972 1132 exernplari
1001 1075 1029 1112 v.
1051 1051 1092 1113 21
1122 1050 1398 1136 deprehenduntur

176 1164 227 1244 (th
240 1186 272 1250 p.
290 1163 351 1248 13).
381 1162 467 1227 Illud
489 1170 592 1226 antem
611 1161 790 1246 neutiquam
810 1162 984 1226 mirandum
1008 1165 1156 1249 estquod
1178 1186 1250 1230 cnm
1270 1165 1398 1252 publica
1420 1140 1425 1151 ²

176 1279 282 1342 tabula
301 1299 381 1364 quae
394 1277 514 1342 Romae
532 1285 598 1341 erat
610 1277 674 1341 fixa
690 1268 851 1363 privatsmi
861 1277 893 1340 in
908 1300 999 1342 usum
1013 1279 1236 1344 describeretur
1249 1280 1396 1364 vulgares

178 1414 302 1456 rursum
327 1393 487 1456 literarum
512 1391 633 1456 formae
654 1391 687 1455 in
711 1391 814 1457 locum
843 1391 1084 1458 Claudianarum
1106 1393 1287 1459 substitutae
1314 1402 1396 1457 sunt

160 1590 163 1601 Ι
260 1505 364 1573 Simili
385 1507 506 1571 ratione
530 1506 608 1570 alter
630 1506 792 1592 expeditur
811 1507 916 1572 titulus
943 1508 1025 1572 intra
1046 1533 1073 1572 a.
1095 1509 1125 1572 d.
1147 1508 1223 1572 VH.
1245 1509 1275 1570 k.
1298 1495 1395 1572 Febr.

177 1645 204 1686 a.
227 1623 290 1687 806
316 1646 335 1686 a
365 1620 497 1687 Claudio
525 1631 559 1684 ut
587 1620 709 1684 videtur
733 1620 847 1685 incisus
877 1642 934 1685 nec
960 1602 1064 1688 tamen
1094 1621 1272 1689 Claudianis
1298 1622 1396 1686 literis

179 1738 376 1823 consignatus
397 1737 491 1821 quem
510 1736 592 1799 infra
612 1745 734 1801 sextum
757 1737 915 1802 collocavi.
956 1737 1041 1801 Nam
1061 1739 1143 1801 hanc
1163 1737 1398 1823 inscriptionem

178 1853 211 1915 in
232 1852 341 1920 eadem
361 1860 451 1938 porta
470 1850 590 1916 Naevia
612 1851 691 1914 aliae
719 1851 798 1915 duae
826 1874 844 1914 a
863 1852 1055 1938 Vespasiano
1081 1861 1112 1917 et
1132 1851 1203 1916 Tito
1224 1852 1277 1936 qui
1297 1873 1396 1936 aquas

179 1966 319 2031 Curtium
346 1976 377 2031 et
400 1965 587 2033 Caeruleum
613 1966 779 2052 perductas
807 1990 826 2031 a
856 1966 987 2032 Claudio
1017 1975 1047 2030 et
1069 1976 1178 2052 postea
1204 1966 1396 2030 intermissas

180 2082 374 2168 dilapsasque
395 2083 593 2147 restituerunt
613 2080 712 2144 factae
732 2081 774 2145 ita
789 2082 948 2168 excipiunt
960 2089 996 2144 ut
1014 2089 1076 2145 tres
1090 2081 1170 2144 istae·
1179 2080 1395 2167 inscriptiones

180 2218 274 2260 unam
295 2195 466 2261 conficiant
508 2195 621 2282 Itaque
650 2195 872 2282 Vespasianum
905 2207 958 2261 ant
985 2194 1092 2261 Titum
1119 2196 1229 2260 eodem
1254 2205 1398 2281 tempore

182 2333 243 2396 quo
264 2332 363 2396 aquae
385 2295 534 2376 Claudiae
554 2311 638 2374 rivos
666 2310 772 2374 refecit
800 2311 893 2375 simul
912 2311 1035 2376 titulum
1056 2333 1150 2396 quem
1170 2310 1323 2376 Claudius
1341 2333 1399 2397 po-

180 2436 284 2490 suerat
306 2410 459 2490 vetustate
474 2425 592 2488 laesum
611 2425 816 2510 mutilumque
836 2447 1002 2490 renovasse
1024 2437 1054 2491 et
1074 2449 1144 2490 eam
1163 2424 1398 2511 inscriptionem

182 2561 261 2627 quae
281 2540 322 2604 ad
342 2549 480 2604 nostram
499 2540 682 2604 memoriam
700 2528 815 2603 mansit
834 2561 897 2604 non
918 2541 1102 2628 insculptam
1122 2541 1242 2626 abipso
1258 2538 1395 2604 Claudio

182 2655 324 2744 essesed
352 2655 417 2720 sive
445 2679 464 2719 a
484 2655 675 2742 Vespasiano
697 2655 763 2718 sive
784 2677 803 2718 a
824 2654 896 2720 Tito
912 2657 1087 2721 restitutam
1113 2657 1260 2742 suspicor.
1302 2654 1396 2717 Priu-

182 2770 288 2858 cipalis
308 2778 412 2835 autem
432 2770 551 2834 titulis
579 2767 711 2835 Claudio
731 2769 868 2854 inseripti
890 2770 1022 2855 'aliquod
1050 2771 1143 2835 hodie
1171 2771 1203 2833 iu
1226 2766 1398 2834 CAISAR

181 2887 334 2972 scriptura
356 2886 418 2948 v.l
441 2893 569 2971 apparet
592 2883 773 2970 vestigium,
796 2883 899 2968 quode
919 2885 957 2947 cf.
979 2909 1009 2972 p.
1031 2862 1080 2950 20.
1110 2885 1255 2951 Ceterum
1276 2885 1301 2948 si
1326 2887 1398 2969 quis

182 3002 297 3065 formas
318 2999 478 3065 literarum
499 2998 612 3085 quibus
631 3007 694 3063 tres
712 3020 811 3083 aquae
825 2997 974 3065 Claudiae
995 3000 1208 3087 inscriptiones
1230 3021 1397 3086 expressae

182 3126 254 3180 sunt
282 3139 357 3199 cum
384 3138 458 3179 eura
486 3137 522 3177 ao
556 3113 722 3199 diligenter
748 3114 829 3178 inter
854 3136 888 3179 se
913 3116 1151 3203 comparaverit,
1178 3116 1338 3180 oculorum
1370 3116 1397 3178 is

182 3231 294 3296 iudicio
319 3230 485 3294 decernere
511 3229 625 3316 poterit
649 3251 724 3292 num
753 3229 837 3315 quod
864 3231 982 3295 conieci
1007 3251 1116 3294 verum
1143 3230 1181 3293 sit
1209 3252 1249 3293 an
1272 3229 1396 3294 salsum.

183 3346 263 3442 Mihi
283 3367 348 3410 non
369 3345 454 3408 licuit
474 3345 534 3410 nisi
554 3366 622 3409 eam
644 3345 734 3408 totius
756 3345 950 3423 monumenti
964 3346 1100 3431 aspicere
1119 3345 1286 3431 imaginem
1302 3367 1397 3430 quam

155 3453 304 3528 ¹Canina
336 3460 585 3526 commentationi
619 3458 823 3522 ‘deserizione
857 3458 909 3523 del
941 3468 1142 3525 monmuento
1178 3460 1260 3525 delle
1298 3483 1397 3544 acque

184 3576 315 3642 Claudie
336 3578 376 3642 ed
395 3576 519 3640 Aniene
537 3574 653 3638 nuova’
682 3574 714 3637 in
735 3573 851 3639 Annal.
873 3573 973 3641 Instit
1001 3576 1155 3640 arehaeol.
1179 3575 1260 3638 1838
1280 3596 1310 3659 p.
1333 3575 1397 3639 202

184 3691 283 3759 editae
311 3691 429 3756 adiecit.
472 3690 561 3754 Haec
589 3690 615 3752 si
649 3689 751 3764 efficta
777 3690 883 3775 ntique
912 3685 955 3753 ad
990 3689 1220 3753 similitudinem
1252 3686 1319 3749 veri
1350 3702 1398 3752 est

183 3806 300 3892 species
313 3805 474 3869 literarum
488 3815 581 3891 atque
593 3804 713 3889 figurae
734 3813 842 3867 contra
855 3803 1032 3890 opinionem
1045 3822 1147 3865 meam
1167 3822 1229 3864 non
1245 3813 1395 3887 pugnant

264 3921 394 3986 Belicua
413 3930 517 3985 autem
537 3928 737 3983 monumenta
758 3900 837 4003 quae
858 3927 929 4004 post
950 3941 978 3981 a
998 3918 1064 3983 800
1084 3915 1234 3981 Claudius
1252 3916 1397 3982 faciunda

183 4038 301 4103 curavit
327 4036 532 4103 Claudianam
565 4035 667 4099 adbuc
697 4033 880 4120 scripturam
916 4042 1085 4097 servarunt
1115 4034 1152 4096 cf.
1181 4031 1396 4117 inscriptiones

183 4154 203 4216 2
225 4167 255 4219 et
277 4155 296 4218 3
320 4162 351 4218 et
370 4154 392 4216 4
412 4161 443 4216 et
463 4172 556 4238 quam
577 4151 617 4213 ad
638 4151 739 4236 ipsum
756 4147 922 4213 Caesarem
936 4168 1003 4212 esse
1023 4157 1181 4212 auctorem
1200 4147 1396 4211 referendam

183 4270 295 4356 opinor
321 4270 341 4334 o
370 4269 409 4332 10
437 4269 486 4330 11.
515 4267 581 4331 1At
610 4239 683 4330 'vem
714 4286 778 4328 non
806 4263 948 4328 omnious
977 4262 1133 4328 voeabula
1160 4262 1288 4327 forsan
1315 4263 1397 4346 quis-

183 4385 265 4471 piam
287 4383 400 4449 dixerit
425 4406 501 4470 quas
530 4382 633 4447 literas
656 4380 804 4447 Claudius
825 4378 942 4443 invenit
963 4378 1115 4444 adhibitas
1137 4400 1212 4442 esse.
1254 4376 1393 4441 Primum

184 4494 266 4562 enim
287 4498 371 4564 rlIR.
399 4501 483 4584 quod
511 4506 556 4562 est
584 4496 616 4560 in
643 4497 732 4560 titulo
754 4497 773 4558 9
802 4515 907 4560 nonne
927 4495 1125 4559 scribendum
1146 4494 1204 4558 fuit
1224 4495 1268 4557 sic
1289 4487 1392 4556 le?
