<?xml version="1.0" encoding="UTF-8"?>
<!DOCTYPE html PUBLIC "-//W3C//DTD XHTML 1.0 Transitional//EN"
    "http://www.w3.org/TR/xhtml1/DTD/xhtml1-transitional.dtd">
<html xmlns="http://www.w3.org/1999/xhtml" xml:lang="en" lang="en">
 <head>
  <title>
</title>
<meta http-equiv="Content-Type" content="text/html;charset=utf-8" />
  <meta name='ocr-system' content='tesseract 3.04.00' />
  <meta name='ocr-capabilities' content='ocr_page ocr_carea ocr_par ocr_line ocrx_word'/>
</head>
<body>
  <div class='ocr_page' id='page_1' title='image "./deticlavdiocaes00buecgoog_0044.png"; bbox 0 0 2902 5122; ppageno 0'>
   <div class='ocr_carea' id='block_1_1' title="bbox 594 269 854 370">
    <p class='ocr_par' dir='ltr' id='par_1_1' title="bbox 594 269 854 370">
     <span class='ocr_line' id='line_1_1' title="bbox 594 269 854 370; baseline 0 0"><span class='ocrx_word' id='word_1_1' title='bbox 594 269 854 370; x_wconf 51' lang='lat' dir='ltr'><strong>„rr-</strong></span> 
     </span>
    </p>
   </div>
   <div class='ocr_carea' id='block_1_2' title="bbox 37 480 1363 1827">
    <p class='ocr_par' dir='ltr' id='par_1_2' title="bbox 37 480 1363 1827">
     <span class='ocr_line' id='line_1_2' title="bbox 491 480 789 549; baseline 0.007 -2"><span class='ocrx_word' id='word_1_2' title='bbox 491 484 563 548; x_wconf 77' lang='lat' dir='ltr'><strong>TI·</strong></span> <span class='ocrx_word' id='word_1_3' title='bbox 588 480 789 549; x_wconf 86' lang='lat' dir='ltr'><strong>OLAVDIO</strong></span> 
     </span>
     <span class='ocr_line' id='line_1_3' title="bbox 369 594 1136 664; baseline 0.003 -3"><span class='ocrx_word' id='word_1_4' title='bbox 369 594 558 664; x_wconf 84' lang='lat' dir='ltr'><strong>DRVSI·</strong></span> <span class='ocrx_word' id='word_1_5' title='bbox 581 597 632 661; x_wconf 84' lang='lat' dir='ltr'><strong>E·</strong></span> <span class='ocrx_word' id='word_1_6' title='bbox 658 594 891 662; x_wconf 80' lang='lat' dir='ltr'><strong>CAESARI</strong></span> <span class='ocrx_word' id='word_1_7' title='bbox 915 596 1027 664; x_wconf 85' lang='lat' dir='ltr'><strong>AVG</strong></span> <span class='ocrx_word' id='word_1_8' title='bbox 1135 647 1136 651; x_wconf 65' lang='lat'>,</span> 
     </span>
     <span class='ocr_line' id='line_1_4' title="bbox 511 712 781 779; baseline -0.004 -2"><span class='ocrx_word' id='word_1_9' title='bbox 511 712 656 779; x_wconf 83' lang='lat' dir='ltr'>PONT·</span> <span class='ocrx_word' id='word_1_10' title='bbox 680 712 781 776; x_wconf 85' lang='lat' dir='ltr'><strong>MAX</strong></span> 
     </span>
     <span class='ocr_line' id='line_1_5' title="bbox 369 824 1046 893; baseline -0.003 -2"><span class='ocrx_word' id='word_1_11' title='bbox 369 825 499 891; x_wconf 88' lang='lat' dir='ltr'><strong>TRIB·</strong></span> <span class='ocrx_word' id='word_1_12' title='bbox 529 826 644 893; x_wconf 83' lang='lat' dir='ltr'>POT·</span> <span class='ocrx_word' id='word_1_13' title='bbox 674 826 803 890; x_wconf 86' lang='lat' dir='ltr'><strong>VIIII·</strong></span> <span class='ocrx_word' id='word_1_14' title='bbox 826 825 931 890; x_wconf 88' lang='lat' dir='ltr'><strong>IMP·</strong></span> <span class='ocrx_word' id='word_1_15' title='bbox 962 824 1046 889; x_wconf 85' lang='lat' dir='ltr'><strong>XVI</strong></span> 
     </span>
     <span class='ocr_line' id='line_1_6' title="bbox 264 937 988 1007; baseline -0.004 -1"><span class='ocrx_word' id='word_1_16' title='bbox 264 944 285 1006; x_wconf 76' lang='grc' dir='ltr'>ὁ</span> <span class='ocrx_word' id='word_1_17' title='bbox 411 939 522 1007; x_wconf 77' lang='grc'>000·</span> <span class='ocrx_word' id='word_1_18' title='bbox 550 941 645 1007; x_wconf 87' lang='grc' dir='ltr'><strong>ΙΠΙ·</strong></span> <span class='ocrx_word' id='word_1_19' title='bbox 676 938 787 1007; x_wconf 75' lang='grc'>000·</span> <span class='ocrx_word' id='word_1_20' title='bbox 815 937 988 1007; x_wconf 84' lang='lat' dir='ltr'><strong>DESIGN</strong></span> 
     </span>
     <span class='ocr_line' id='line_1_7' title="bbox 594 1056 741 1121; baseline -0.007 0"><span class='ocrx_word' id='word_1_21' title='bbox 594 1056 647 1121; x_wconf 92' lang='lat' dir='ltr'><strong>P·</strong></span> <span class='ocrx_word' id='word_1_22' title='bbox 670 1056 741 1120; x_wconf 78' lang='lat' dir='ltr'><strong>P·&#39;</strong></span> 
     </span>
     <span class='ocr_line' id='line_1_8' title="bbox 334 1149 1073 1238; baseline 0 -4"><span class='ocrx_word' id='word_1_23' title='bbox 334 1163 340 1173; x_wconf 83' lang='lat'><strong>·</strong></span> <span class='ocrx_word' id='word_1_24' title='bbox 412 1167 591 1238; x_wconf 77' lang='lat' dir='ltr'><strong>uicus</strong></span> <span class='ocrx_word' id='word_1_25' title='bbox 682 1167 984 1236; x_wconf 81' lang='lat' dir='ltr'><strong>vnnnnrvs</strong></span> <span class='ocrx_word' id='word_1_26' title='bbox 1064 1149 1073 1161; x_wconf 74' lang='grc'><em>“</em></span> 
     </span>
     <span class='ocr_line' id='line_1_9' title="bbox 37 1281 1333 1371; baseline 0.002 -27"><span class='ocrx_word' id='word_1_27' title='bbox 37 1341 39 1344; x_wconf 83' lang='grc'>.</span> <span class='ocrx_word' id='word_1_28' title='bbox 120 1300 212 1368; x_wconf 90' lang='lat' dir='ltr'><strong>quem</strong></span> <span class='ocrx_word' id='word_1_29' title='bbox 232 1282 291 1370; x_wconf 90' lang='lat' dir='ltr'><strong>ipsi</strong></span> <span class='ocrx_word' id='word_1_30' title='bbox 319 1284 498 1370; x_wconf 86' lang='lat' dir='ltr'><strong>imperatori</strong></span> <span class='ocrx_word' id='word_1_31' title='bbox 526 1285 610 1350; x_wconf 88' lang='lat' dir='ltr'><strong>vicns</strong></span> <span class='ocrx_word' id='word_1_32' title='bbox 632 1285 785 1361; x_wconf 84' lang='lat' dir='ltr'>Venerius</span> <span class='ocrx_word' id='word_1_33' title='bbox 811 1283 972 1371; x_wconf 88' lang='lat' dir='ltr'><strong>(oppidum</strong></span> <span class='ocrx_word' id='word_1_34' title='bbox 997 1282 1159 1347; x_wconf 87' lang='lat' dir='ltr'><strong>videbatur</strong></span> <span class='ocrx_word' id='word_1_35' title='bbox 1184 1281 1333 1346; x_wconf 88' lang='lat' dir='ltr'><strong>Macaneo</strong></span> 
     </span>
     <span class='ocr_line' id='line_1_10' title="bbox 119 1395 1333 1485; baseline -0.001 -26"><span class='ocrx_word' id='word_1_36' title='bbox 119 1397 229 1479; x_wconf 74' lang='lat' dir='ltr'><strong>sitisse,</strong></span> <span class='ocrx_word' id='word_1_37' title='bbox 249 1397 369 1462; x_wconf 89' lang='lat' dir='ltr'><strong>Orellio</strong></span> <span class='ocrx_word' id='word_1_38' title='bbox 390 1399 630 1465; x_wconf 85' lang='lat' dir='ltr'><strong>Mediolanensis</strong></span> <span class='ocrx_word' id='word_1_39' title='bbox 653 1399 737 1464; x_wconf 89' lang='lat' dir='ltr'><strong>urbis</strong></span> <span class='ocrx_word' id='word_1_40' title='bbox 758 1400 858 1485; x_wconf 82' lang='lat' dir='ltr'><strong>regio)</strong></span> <span class='ocrx_word' id='word_1_41' title='bbox 886 1399 1010 1463; x_wconf 89' lang='lat' dir='ltr'><strong>ineunte</strong></span> <span class='ocrx_word' id='word_1_42' title='bbox 1037 1419 1119 1461; x_wconf 90' lang='lat' dir='ltr'><strong>anno</strong></span> <span class='ocrx_word' id='word_1_43' title='bbox 1141 1397 1203 1461; x_wconf 83' lang='lat'><strong>803</strong></span> <span class='ocrx_word' id='word_1_44' title='bbox 1223 1395 1333 1482; x_wconf 89' lang='lat' dir='ltr'><strong>posuit.</strong></span> 
     </span>
     <span class='ocr_line' id='line_1_11' title="bbox 202 1488 1363 1602; baseline -0.002 -27"><span class='ocrx_word' id='word_1_45' title='bbox 202 1511 254 1576; x_wconf 89' lang='lat' dir='ltr'><strong>De</strong></span> <span class='ocrx_word' id='word_1_46' title='bbox 281 1514 458 1577; x_wconf 79' lang='lat' dir='ltr'><strong>sacerdotiis</strong></span> <span class='ocrx_word' id='word_1_47' title='bbox 484 1514 592 1602; x_wconf 91' lang='lat' dir='ltr'><strong>populi</strong></span> <span class='ocrx_word' id='word_1_48' title='bbox 627 1514 761 1580; x_wconf 86' lang='lat' dir='ltr'><strong>Romani</strong></span> <span class='ocrx_word' id='word_1_49' title='bbox 788 1514 820 1576; x_wconf 93' lang='lat' dir='ltr'><strong>in</strong></span> <span class='ocrx_word' id='word_1_50' title='bbox 848 1513 1027 1577; x_wconf 89' lang='lat' dir='ltr'><strong>universum</strong></span> <span class='ocrx_word' id='word_1_51' title='bbox 1062 1510 1136 1576; x_wconf 88' lang='lat' dir='ltr'><strong>certi</strong></span> <span class='ocrx_word' id='word_1_52' title='bbox 1166 1510 1335 1596; x_wconf 84' lang='lat' dir='ltr'>quidquam</span> <span class='ocrx_word' id='word_1_53' title='bbox 1360 1488 1363 1493; x_wconf 21' lang='grc' dir='ltr'><strong><em>Ι</em></strong></span> 
     </span>
     <span class='ocr_line' id='line_1_12' title="bbox 120 1623 1335 1713; baseline 0.003 -28"><span class='ocrx_word' id='word_1_54' title='bbox 120 1632 253 1691; x_wconf 79' lang='lat' dir='ltr'><strong>statuere</strong></span> <span class='ocrx_word' id='word_1_55' title='bbox 281 1626 336 1689; x_wconf 82' lang='lat' dir='ltr'><strong>vix</strong></span> <span class='ocrx_word' id='word_1_56' title='bbox 362 1627 470 1691; x_wconf 89' lang='lat' dir='ltr'><strong>ausim.</strong></span> <span class='ocrx_word' id='word_1_57' title='bbox 512 1627 595 1693; x_wconf 88' lang='lat' dir='ltr'><strong>Nam</strong></span> <span class='ocrx_word' id='word_1_58' title='bbox 623 1629 708 1713; x_wconf 88' lang='lat' dir='ltr'><strong>quod</strong></span> <span class='ocrx_word' id='word_1_59' title='bbox 736 1629 889 1693; x_wconf 80' lang='lat' dir='ltr'><strong>Gruterus</strong></span> <span class='ocrx_word' id='word_1_60' title='bbox 910 1628 973 1692; x_wconf 88' lang='lat'><strong>300</strong></span> <span class='ocrx_word' id='word_1_61' title='bbox 980 1674 989 1708; x_wconf 82' lang='lat'>,</span> <span class='ocrx_word' id='word_1_62' title='bbox 1011 1626 1028 1689; x_wconf 91' lang='lat'>1</span> <span class='ocrx_word' id='word_1_63' title='bbox 1052 1623 1121 1709; x_wconf 89' lang='lat' dir='ltr'><strong>(Or.</strong></span> <span class='ocrx_word' id='word_1_64' title='bbox 1144 1627 1218 1710; x_wconf 74' lang='lat'><strong>725)</strong></span> <span class='ocrx_word' id='word_1_65' title='bbox 1241 1625 1335 1690; x_wconf 83' lang='lat' dir='ltr'><strong>edidit</strong></span> 
     </span>
     <span class='ocr_line' id='line_1_13' title="bbox 121 1739 769 1827; baseline 0.006 -26"><span class='ocrx_word' id='word_1_66' title='bbox 121 1739 357 1804; x_wconf 80' lang='lat' dir='ltr'><strong>sacerdotalium</strong></span> <span class='ocrx_word' id='word_1_67' title='bbox 375 1741 524 1805; x_wconf 90' lang='lat' dir='ltr'><strong>fastorum</strong></span> <span class='ocrx_word' id='word_1_68' title='bbox 544 1742 769 1827; x_wconf 80' lang='lat' dir='ltr'><strong>fragmentrun:</strong></span> 
     </span>
    </p>
   </div>
   <div class='ocr_carea' id='block_1_3' title="bbox 115 1871 1360 4607">
    <p class='ocr_par' dir='ltr' id='par_1_3' title="bbox 115 1871 1360 4607">
     <span class='ocr_line' id='line_1_14' title="bbox 451 1871 741 1938; baseline 0.007 -2"><span class='ocrx_word' id='word_1_69' title='bbox 451 1871 567 1938; x_wconf 86' lang='lat' dir='ltr'><strong>DEO·</strong></span> <span class='ocrx_word' id='word_1_70' title='bbox 590 1873 741 1938; x_wconf 89' lang='lat' dir='ltr'><strong>XXVII·</strong></span> 
     </span>
     <span class='ocr_line' id='line_1_15' title="bbox 244 1982 1179 2055; baseline -0.007 0"><span class='ocrx_word' id='word_1_71' title='bbox 244 1983 554 2055; x_wconf 67' lang='lat' dir='ltr'><strong>...Danorvs</strong></span> <span class='ocrx_word' id='word_1_72' title='bbox 578 1987 669 2051; x_wconf 90' lang='lat' dir='ltr'><strong>AD·</strong></span> <span class='ocrx_word' id='word_1_73' title='bbox 692 1986 942 2052; x_wconf 86' lang='lat' dir='ltr'><strong>NVMERVM·</strong></span> <span class='ocrx_word' id='word_1_74' title='bbox 966 1985 1053 2049; x_wconf 89' lang='lat' dir='ltr'><strong>EX·</strong></span> <span class='ocrx_word' id='word_1_75' title='bbox 1078 1983 1126 2050; x_wconf 81' lang='lat' dir='ltr'><strong>S·</strong></span> <span class='ocrx_word' id='word_1_76' title='bbox 1151 1982 1179 2048; x_wconf 93' lang='grc'>0</span> 
     </span>
     <span class='ocr_line' id='line_1_16' title="bbox 244 2094 759 2169; baseline -0.002 -1"><span class='ocrx_word' id='word_1_77' title='bbox 244 2139 478 2169; x_wconf 79' lang='lat'><strong>·········</strong></span> <span class='ocrx_word' id='word_1_78' title='bbox 495 2094 637 2167; x_wconf 81' lang='lat' dir='ltr'><strong>CAES·</strong></span> <span class='ocrx_word' id='word_1_79' title='bbox 660 2102 759 2167; x_wconf 84' lang='lat' dir='ltr'><strong>AVG</strong></span> 
     </span>
     <span class='ocr_line' id='line_1_17' title="bbox 254 2213 764 2280; baseline 0 0"><span class='ocrx_word' id='word_1_80' title='bbox 254 2237 256 2241; x_wconf 73' lang='grc'>’</span> <span class='ocrx_word' id='word_1_81' title='bbox 451 2213 764 2280; x_wconf 83' lang='lat' dir='ltr'><strong>OERMANIOVS·</strong></span> 
     </span>
     <span class='ocr_line' id='line_1_18' title="bbox 181 2313 1198 2397; baseline 0 -6"><span class='ocrx_word' id='word_1_82' title='bbox 181 2329 203 2391; x_wconf 83' lang='lat' dir='ltr'><strong>a</strong></span> <span class='ocrx_word' id='word_1_83' title='bbox 245 2327 517 2397; x_wconf 76' lang='lat' dir='ltr'><strong>..convom-</strong></span> <span class='ocrx_word' id='word_1_84' title='bbox 541 2329 767 2397; x_wconf 80' lang='lat' dir='ltr'><strong>cnnsnnn·</strong></span> <span class='ocrx_word' id='word_1_85' title='bbox 791 2328 907 2396; x_wconf 79' lang='lat' dir='ltr'><strong>Ave·</strong></span> <span class='ocrx_word' id='word_1_86' title='bbox 932 2313 1198 2395; x_wconf 64' lang='lat' dir='ltr'><strong>annuant</strong></span> 
     </span>
     <span class='ocr_line' id='line_1_19' title="bbox 244 2439 1197 2511; baseline -0.002 0"><span class='ocrx_word' id='word_1_87' title='bbox 244 2439 390 2511; x_wconf 60' lang='grc' dir='ltr'><strong>ΜΒ·</strong></span> <span class='ocrx_word' id='word_1_88' title='bbox 430 2442 730 2510; x_wconf 82' lang='lat' dir='ltr'>CORNELIO</span> <span class='ocrx_word' id='word_1_89' title='bbox 803 2442 1021 2511; x_wconf 85' lang='lat' dir='ltr'>ORFITO</span> <span class='ocrx_word' id='word_1_90' title='bbox 1051 2475 1057 2490; x_wconf 93' lang='lat'><strong>·</strong></span> <span class='ocrx_word' id='word_1_91' title='bbox 1092 2441 1197 2509; x_wconf 81' lang='lat' dir='ltr'><strong>OOS</strong></span> 
     </span>
     <span class='ocr_line' id='line_1_20' title="bbox 437 2540 1020 2624; baseline -0.003 -3"><span class='ocrx_word' id='word_1_92' title='bbox 437 2558 491 2621; x_wconf 86' lang='lat' dir='ltr'><strong>P·</strong></span> <span class='ocrx_word' id='word_1_93' title='bbox 514 2557 570 2622; x_wconf 82' lang='lat' dir='ltr'><strong>a·</strong></span> <span class='ocrx_word' id='word_1_94' title='bbox 594 2557 646 2623; x_wconf 83' lang='lat' dir='ltr'><strong>c·</strong></span> <span class='ocrx_word' id='word_1_95' title='bbox 669 2556 791 2622; x_wconf 78' lang='lat' dir='ltr'><strong>Anu·</strong></span> <span class='ocrx_word' id='word_1_96' title='bbox 815 2540 1020 2624; x_wconf 84' lang='lat' dir='ltr'><strong>noocml·</strong></span> 
     </span>
     <span class='ocr_line' id='line_1_21' title="bbox 119 2686 1335 2775; baseline -0.001 -26"><span class='ocrx_word' id='word_1_97' title='bbox 119 2686 180 2750; x_wconf 89' lang='lat' dir='ltr'><strong>hoc</strong></span> <span class='ocrx_word' id='word_1_98' title='bbox 201 2687 327 2772; x_wconf 89' lang='lat' dir='ltr'><strong>inquam</strong></span> <span class='ocrx_word' id='word_1_99' title='bbox 344 2688 554 2773; x_wconf 82' lang='lat' dir='ltr'><strong>fragmentum</strong></span> <span class='ocrx_word' id='word_1_100' title='bbox 574 2689 614 2752; x_wconf 89' lang='lat' dir='ltr'><strong>ad</strong></span> <span class='ocrx_word' id='word_1_101' title='bbox 627 2687 786 2755; x_wconf 86' lang='lat' dir='ltr'><strong>Neronem</strong></span> <span class='ocrx_word' id='word_1_102' title='bbox 801 2688 965 2754; x_wconf 89' lang='lat' dir='ltr'><strong>ansarem</strong></span> <span class='ocrx_word' id='word_1_103' title='bbox 985 2698 1126 2775; x_wconf 88' lang='lat' dir='ltr'><strong>spectans</strong></span> <span class='ocrx_word' id='word_1_104' title='bbox 1147 2687 1173 2750; x_wconf 85' lang='lat' dir='ltr'><strong>si</strong></span> <span class='ocrx_word' id='word_1_105' title='bbox 1193 2692 1335 2750; x_wconf 88' lang='lat' dir='ltr'><strong>accurate</strong></span> 
     </span>
     <span class='ocr_line' id='line_1_22' title="bbox 119 2784 1333 2891; baseline -0.002 -27"><span class='ocrx_word' id='word_1_106' title='bbox 119 2822 159 2864; x_wconf 87' lang='lat' dir='ltr'><strong>ex</strong></span> <span class='ocrx_word' id='word_1_107' title='bbox 187 2801 309 2888; x_wconf 85' lang='lat' dir='ltr'><strong>lapidea</strong></span> <span class='ocrx_word' id='word_1_108' title='bbox 334 2803 441 2866; x_wconf 86' lang='lat' dir='ltr'><strong>tabula</strong></span> <span class='ocrx_word' id='word_1_109' title='bbox 467 2784 587 2868; x_wconf 84' lang='lat' dir='ltr'><strong>Romae</strong></span> <span class='ocrx_word' id='word_1_110' title='bbox 622 2813 744 2891; x_wconf 87' lang='lat' dir='ltr'><strong>reperta</strong></span> <span class='ocrx_word' id='word_1_111' title='bbox 777 2803 963 2890; x_wconf 89' lang='lat' dir='ltr'><strong>descriptum</strong></span> <span class='ocrx_word' id='word_1_112' title='bbox 991 2812 1053 2885; x_wconf 87' lang='lat' dir='ltr'><strong>est,</strong></span> <span class='ocrx_word' id='word_1_113' title='bbox 1086 2802 1134 2865; x_wconf 89' lang='lat' dir='ltr'><strong>isti</strong></span> <span class='ocrx_word' id='word_1_114' title='bbox 1160 2800 1333 2865; x_wconf 88' lang='lat' dir='ltr'><strong>sacerdotes</strong></span> 
     </span>
     <span class='ocr_line' id='line_1_23' title="bbox 118 2913 1334 3005; baseline -0.002 -28"><span class='ocrx_word' id='word_1_115' title='bbox 118 2914 321 3001; x_wconf 75' lang='lat' dir='ltr'><strong>(Augustales</strong></span> <span class='ocrx_word' id='word_1_116' title='bbox 342 2917 463 2981; x_wconf 89' lang='lat' dir='ltr'><strong>sodales</strong></span> <span class='ocrx_word' id='word_1_117' title='bbox 490 2917 669 2982; x_wconf 89' lang='lat' dir='ltr'><strong>Morcellius</strong></span> <span class='ocrx_word' id='word_1_118' title='bbox 690 2941 774 3005; x_wconf 91' lang='lat' dir='ltr'><strong>oper.</strong></span> <span class='ocrx_word' id='word_1_119' title='bbox 794 2919 954 3005; x_wconf 89' lang='lat' dir='ltr'><strong>epigraph.</strong></span> <span class='ocrx_word' id='word_1_120' title='bbox 975 2917 1011 2981; x_wconf 90' lang='lat' dir='ltr'>H</span> <span class='ocrx_word' id='word_1_121' title='bbox 1029 2941 1060 3004; x_wconf 91' lang='lat' dir='ltr'><strong>p.</strong></span> <span class='ocrx_word' id='word_1_122' title='bbox 1084 2918 1145 2981; x_wconf 77' lang='lat'><strong>125</strong></span> <span class='ocrx_word' id='word_1_123' title='bbox 1170 2913 1334 2997; x_wconf 86' lang='lat' dir='ltr'><strong>intellexit)</strong></span> 
     </span>
     <span class='ocr_line' id='line_1_24' title="bbox 118 3028 1333 3118; baseline -0.001 -28"><span class='ocrx_word' id='word_1_124' title='bbox 118 3028 302 3093; x_wconf 89' lang='lat' dir='ltr'><strong>sollemnem</strong></span> <span class='ocrx_word' id='word_1_125' title='bbox 322 3051 413 3094; x_wconf 90' lang='lat' dir='ltr'><strong>suum</strong></span> <span class='ocrx_word' id='word_1_126' title='bbox 432 3052 552 3096; x_wconf 89' lang='lat' dir='ltr'><strong>morem</strong></span> <span class='ocrx_word' id='word_1_127' title='bbox 573 3032 667 3095; x_wconf 89' lang='lat' dir='ltr'><strong>secuti</strong></span> <span class='ocrx_word' id='word_1_128' title='bbox 693 3055 712 3095; x_wconf 92' lang='lat' dir='ltr'><strong>a</strong></span> <span class='ocrx_word' id='word_1_129' title='bbox 734 3032 976 3098; x_wconf 82' lang='lat' dir='ltr'><strong>Claudianorum</strong></span> <span class='ocrx_word' id='word_1_130' title='bbox 1004 3031 1202 3118; x_wconf 84' lang='lat' dir='ltr'><strong>usurpatione</strong></span> <span class='ocrx_word' id='word_1_131' title='bbox 1228 3029 1333 3091; x_wconf 87' lang='lat' dir='ltr'><strong>inven-</strong></span> 
     </span>
     <span class='ocr_line' id='line_1_25' title="bbox 117 3141 1333 3231; baseline -0.002 -26"><span class='ocrx_word' id='word_1_132' title='bbox 117 3151 221 3206; x_wconf 89' lang='lat' dir='ltr'><strong>torum</strong></span> <span class='ocrx_word' id='word_1_133' title='bbox 241 3166 275 3208; x_wconf 91' lang='lat' dir='ltr'><strong>se</strong></span> <span class='ocrx_word' id='word_1_134' title='bbox 292 3145 437 3209; x_wconf 86' lang='lat' dir='ltr'><strong>videntur</strong></span> <span class='ocrx_word' id='word_1_135' title='bbox 455 3145 646 3209; x_wconf 88' lang='lat' dir='ltr'><strong>abstinuisse.</strong></span> <span class='ocrx_word' id='word_1_136' title='bbox 674 3146 720 3208; x_wconf 91' lang='lat' dir='ltr'><strong>At</strong></span> <span class='ocrx_word' id='word_1_137' title='bbox 734 3146 900 3211; x_wconf 85' lang='lat' dir='ltr'><strong>Arvalium</strong></span> <span class='ocrx_word' id='word_1_138' title='bbox 920 3148 1050 3211; x_wconf 82' lang='lat' dir='ltr'><strong>fratrum</strong></span> <span class='ocrx_word' id='word_1_139' title='bbox 1064 3145 1231 3231; x_wconf 81' lang='lat' dir='ltr'><strong>collequm</strong></span> <span class='ocrx_word' id='word_1_140' title='bbox 1244 3141 1333 3206; x_wconf 86' lang='lat' dir='ltr'><strong>novis</strong></span> 
     </span>
     <span class='ocr_line' id='line_1_26' title="bbox 118 3238 1332 3348; baseline -0.004 -27"><span class='ocrx_word' id='word_1_141' title='bbox 118 3276 186 3321; x_wconf 87' lang='lat' dir='ltr'><strong>esse</strong></span> <span class='ocrx_word' id='word_1_142' title='bbox 205 3238 364 3323; x_wconf 85' lang='lat' dir='ltr'><strong>literarum</strong></span> <span class='ocrx_word' id='word_1_143' title='bbox 389 3260 497 3324; x_wconf 87' lang='lat' dir='ltr'><strong>formis</strong></span> <span class='ocrx_word' id='word_1_144' title='bbox 528 3283 619 3324; x_wconf 90' lang='lat' dir='ltr'><strong>usum</strong></span> <span class='ocrx_word' id='word_1_145' title='bbox 648 3282 718 3324; x_wconf 90' lang='lat' dir='ltr'><strong>cum</strong></span> <span class='ocrx_word' id='word_1_146' title='bbox 744 3261 845 3348; x_wconf 86' lang='lat' dir='ltr'><strong>primo</strong></span> <span class='ocrx_word' id='word_1_147' title='bbox 872 3261 993 3348; x_wconf 88' lang='lat' dir='ltr'><strong>septimi</strong></span> <span class='ocrx_word' id='word_1_148' title='bbox 1020 3260 1100 3324; x_wconf 90' lang='lat' dir='ltr'><strong>tituli</strong></span> <span class='ocrx_word' id='word_1_149' title='bbox 1120 3282 1211 3324; x_wconf 86' lang='lat' dir='ltr'><strong>versu</strong></span> <span class='ocrx_word' id='word_1_150' title='bbox 1233 3256 1332 3321; x_wconf 87' lang='lat' dir='ltr'><strong>decla-</strong></span> 
     </span>
     <span class='ocr_line' id='line_1_27' title="bbox 117 3372 1360 3465; baseline -0.002 -31"><span class='ocrx_word' id='word_1_151' title='bbox 117 3380 204 3436; x_wconf 89' lang='lat' dir='ltr'><strong>ratur</strong></span> <span class='ocrx_word' id='word_1_152' title='bbox 216 3381 283 3436; x_wconf 89' lang='lat' dir='ltr'><strong>tum</strong></span> <span class='ocrx_word' id='word_1_153' title='bbox 298 3375 433 3438; x_wconf 85' lang='lat' dir='ltr'><strong>maxime</strong></span> <span class='ocrx_word' id='word_1_154' title='bbox 447 3375 565 3439; x_wconf 87' lang='lat' dir='ltr'><strong>decima</strong></span> <span class='ocrx_word' id='word_1_155' title='bbox 578 3376 668 3440; x_wconf 87' lang='lat' dir='ltr'><strong>tertia</strong></span> <span class='ocrx_word' id='word_1_156' title='bbox 682 3374 893 3462; x_wconf 80' lang='lat' dir='ltr'><strong>inscriptione,</strong></span> <span class='ocrx_word' id='word_1_157' title='bbox 913 3374 1064 3460; x_wconf 85' lang='lat' dir='ltr'><strong>singulari</strong></span> <span class='ocrx_word' id='word_1_158' title='bbox 1080 3372 1240 3438; x_wconf 86' lang='lat' dir='ltr'><strong>socordiae</strong></span> <span class='ocrx_word' id='word_1_159' title='bbox 1259 3392 1332 3454; x_wconf 83' lang='lat' dir='ltr'><strong>qua-</strong></span> <span class='ocrx_word' id='word_1_160' title='bbox 1355 3457 1360 3465; x_wconf 91' lang='lat'><em>.</em></span> 
     </span>
     <span class='ocr_line' id='line_1_28' title="bbox 119 3485 1332 3576; baseline 0 -27"><span class='ocrx_word' id='word_1_161' title='bbox 119 3485 247 3550; x_wconf 86' lang='lat' dir='ltr'><strong>dratarii</strong></span> <span class='ocrx_word' id='word_1_162' title='bbox 266 3487 464 3573; x_wconf 85' lang='lat' dir='ltr'><strong>incuriaeque</strong></span> <span class='ocrx_word' id='word_1_163' title='bbox 485 3491 637 3576; x_wconf 85' lang='lat' dir='ltr'><strong>exemplo.</strong></span> <span class='ocrx_word' id='word_1_164' title='bbox 669 3489 753 3553; x_wconf 89' lang='lat' dir='ltr'><strong>Nam</strong></span> <span class='ocrx_word' id='word_1_165' title='bbox 773 3489 807 3550; x_wconf 92' lang='lat' dir='ltr'><strong>in</strong></span> <span class='ocrx_word' id='word_1_166' title='bbox 821 3487 1050 3573; x_wconf 88' lang='lat' dir='ltr'><strong>quadratarium</strong></span> <span class='ocrx_word' id='word_1_167' title='bbox 1070 3486 1192 3573; x_wconf 89' lang='lat' dir='ltr'><strong>culpam</strong></span> <span class='ocrx_word' id='word_1_168' title='bbox 1214 3486 1332 3550; x_wconf 87' lang='lat' dir='ltr'><strong>conicio</strong></span> 
     </span>
     <span class='ocr_line' id='line_1_29' title="bbox 118 3599 1332 3686; baseline 0.004 -26"><span class='ocrx_word' id='word_1_169' title='bbox 118 3599 341 3665; x_wconf 88' lang='lat' dir='ltr'><strong>inconstantiae</strong></span> <span class='ocrx_word' id='word_1_170' title='bbox 363 3624 424 3686; x_wconf 90' lang='lat' dir='ltr'><strong>qua</strong></span> <span class='ocrx_word' id='word_1_171' title='bbox 444 3624 529 3667; x_wconf 89' lang='lat' dir='ltr'><strong>nunc</strong></span> <span class='ocrx_word' id='word_1_172' title='bbox 548 3600 745 3670; x_wconf 69' lang='lat' dir='ltr'><strong>AOAIMVS</strong></span> <span class='ocrx_word' id='word_1_173' title='bbox 767 3626 850 3667; x_wconf 90' lang='lat' dir='ltr'><strong>nunc</strong></span> <span class='ocrx_word' id='word_1_174' title='bbox 876 3601 1078 3668; x_wconf 76' lang='lat' dir='ltr'><strong>VOdlMVS</strong></span> <span class='ocrx_word' id='word_1_175' title='bbox 1104 3624 1188 3666; x_wconf 90' lang='lat' dir='ltr'><strong>nunc</strong></span> <span class='ocrx_word' id='word_1_176' title='bbox 1207 3601 1332 3667; x_wconf 89' lang='lat' dir='ltr'><strong>VOVI—</strong></span> 
     </span>
     <span class='ocr_line' id='line_1_30' title="bbox 119 3713 1332 3798; baseline 0 -20"><span class='ocrx_word' id='word_1_177' title='bbox 119 3713 228 3796; x_wconf 80' lang='lat' dir='ltr'><strong>MVS,</strong></span> <span class='ocrx_word' id='word_1_178' title='bbox 247 3717 341 3780; x_wconf 92' lang='lat' dir='ltr'><strong>modo</strong></span> <span class='ocrx_word' id='word_1_179' title='bbox 363 3716 600 3783; x_wconf 76' lang='lat' dir='ltr'><strong>ARAALIVM</strong></span> <span class='ocrx_word' id='word_1_180' title='bbox 621 3718 714 3782; x_wconf 91' lang='lat' dir='ltr'><strong>modo</strong></span> <span class='ocrx_word' id='word_1_181' title='bbox 735 3716 992 3798; x_wconf 80' lang='lat' dir='ltr'><strong>ARVALIVM,</strong></span> <span class='ocrx_word' id='word_1_182' title='bbox 1013 3717 1088 3780; x_wconf 87' lang='lat' dir='ltr'><strong>alias</strong></span> <span class='ocrx_word' id='word_1_183' title='bbox 1105 3717 1222 3783; x_wconf 84' lang='lat' dir='ltr'><strong>BOdE</strong></span> <span class='ocrx_word' id='word_1_184' title='bbox 1244 3713 1332 3782; x_wconf 75' lang='lat' dir='ltr'><strong>Ioni</strong></span> 
     </span>
     <span class='ocr_line' id='line_1_31' title="bbox 116 3826 1331 3898; baseline 0.002 -8"><span class='ocrx_word' id='word_1_185' title='bbox 116 3826 192 3890; x_wconf 86' lang='lat' dir='ltr'><strong>alias</strong></span> <span class='ocrx_word' id='word_1_186' title='bbox 221 3827 484 3898; x_wconf 83' lang='lat' dir='ltr'><strong>OONSERVES</strong></span> <span class='ocrx_word' id='word_1_187' title='bbox 514 3831 665 3896; x_wconf 89' lang='lat' dir='ltr'><strong>DIVINI</strong></span> <span class='ocrx_word' id='word_1_188' title='bbox 692 3831 892 3897; x_wconf 83' lang='lat' dir='ltr'><strong>cRVNTVE</strong></span> <span class='ocrx_word' id='word_1_189' title='bbox 925 3831 1123 3897; x_wconf 86' lang='lat' dir='ltr'><strong>miNERVA</strong></span> <span class='ocrx_word' id='word_1_190' title='bbox 1158 3829 1331 3896; x_wconf 88' lang='lat' dir='ltr'><strong>sALVOM</strong></span> 
     </span>
     <span class='ocr_line' id='line_1_32' title="bbox 118 3941 1330 4034; baseline 0.002 -30"><span class='ocrx_word' id='word_1_191' title='bbox 118 3941 269 4006; x_wconf 85' lang='lat' dir='ltr'><strong>VERBA</strong></span> <span class='ocrx_word' id='word_1_192' title='bbox 296 3945 442 4032; x_wconf 84' lang='lat' dir='ltr'><strong>inscripta</strong></span> <span class='ocrx_word' id='word_1_193' title='bbox 471 3954 551 4009; x_wconf 92' lang='lat' dir='ltr'><strong>sunt.</strong></span> <span class='ocrx_word' id='word_1_194' title='bbox 599 3947 706 4031; x_wconf 88' lang='lat' dir='ltr'><strong>Atque</strong></span> <span class='ocrx_word' id='word_1_195' title='bbox 732 3947 801 4034; x_wconf 89' lang='lat' dir='ltr'><strong>pari</strong></span> <span class='ocrx_word' id='word_1_196' title='bbox 828 3947 922 4012; x_wconf 91' lang='lat' dir='ltr'><strong>modo</strong></span> <span class='ocrx_word' id='word_1_197' title='bbox 951 3947 1134 4011; x_wconf 88' lang='lat' dir='ltr'><strong>MAXIME</strong></span> <span class='ocrx_word' id='word_1_198' title='bbox 1161 3943 1330 4011; x_wconf 83' lang='lat' dir='ltr'>OPTIME</span> 
     </span>
     <span class='ocr_line' id='line_1_33' title="bbox 116 4056 1330 4148; baseline 0.001 -28"><span class='ocrx_word' id='word_1_199' title='bbox 116 4065 147 4121; x_wconf 90' lang='lat' dir='ltr'><strong>et</strong></span> <span class='ocrx_word' id='word_1_200' title='bbox 166 4056 304 4122; x_wconf 88' lang='lat' dir='ltr'><strong>AELius</strong></span> <span class='ocrx_word' id='word_1_201' title='bbox 323 4058 553 4127; x_wconf 82' lang='lat' dir='ltr'><strong>PRAESTES</strong></span> <span class='ocrx_word' id='word_1_202' title='bbox 573 4060 697 4139; x_wconf 79' lang='lat' dir='ltr'><strong>QVAE</strong></span> <span class='ocrx_word' id='word_1_203' title='bbox 717 4061 937 4148; x_wconf 84' lang='lat' dir='ltr'><strong>scripturarum</strong></span> <span class='ocrx_word' id='word_1_204' title='bbox 965 4083 1096 4148; x_wconf 87' lang='lat' dir='ltr'><strong>quarum</strong></span> <span class='ocrx_word' id='word_1_205' title='bbox 1113 4058 1330 4124; x_wconf 89' lang='lat' dir='ltr'><strong>Melchiorrius</strong></span> 
     </span>
     <span class='ocr_line' id='line_1_34' title="bbox 116 4166 1329 4263; baseline -0.001 -27"><span class='ocrx_word' id='word_1_206' title='bbox 116 4179 148 4236; x_wconf 87' lang='lat' dir='ltr'><strong>et</strong></span> <span class='ocrx_word' id='word_1_207' title='bbox 172 4171 352 4238; x_wconf 87' lang='lat' dir='ltr'><strong>Henzenius</strong></span> <span class='ocrx_word' id='word_1_208' title='bbox 372 4182 464 4240; x_wconf 89' lang='lat' dir='ltr'><strong>testes</strong></span> <span class='ocrx_word' id='word_1_209' title='bbox 492 4185 563 4240; x_wconf 91' lang='lat' dir='ltr'><strong>sunt</strong></span> <span class='ocrx_word' id='word_1_210' title='bbox 589 4166 728 4240; x_wconf 86' lang='lat' dir='ltr'><strong>caussam</strong></span> <span class='ocrx_word' id='word_1_211' title='bbox 758 4199 822 4241; x_wconf 90' lang='lat' dir='ltr'><strong>non</strong></span> <span class='ocrx_word' id='word_1_212' title='bbox 854 4177 954 4263; x_wconf 91' lang='lat' dir='ltr'><strong>potius</strong></span> <span class='ocrx_word' id='word_1_213' title='bbox 987 4175 1132 4239; x_wconf 87' lang='lat' dir='ltr'><strong>fratribus</strong></span> <span class='ocrx_word' id='word_1_214' title='bbox 1160 4172 1329 4237; x_wconf 88' lang='lat' dir='ltr'><strong>Arvalibus</strong></span> 
     </span>
     <span class='ocr_line' id='line_1_35' title="bbox 116 4289 1328 4378; baseline 0.002 -29"><span class='ocrx_word' id='word_1_215' title='bbox 116 4307 209 4369; x_wconf 89' lang='lat' dir='ltr'><strong>quam</strong></span> <span class='ocrx_word' id='word_1_216' title='bbox 238 4289 433 4373; x_wconf 89' lang='lat' dir='ltr'><strong>quadratario</strong></span> <span class='ocrx_word' id='word_1_217' title='bbox 462 4291 649 4378; x_wconf 88' lang='lat' dir='ltr'><strong>delegemus.</strong></span> <span class='ocrx_word' id='word_1_218' title='bbox 699 4290 763 4354; x_wconf 88' lang='lat' dir='ltr'><strong>Eos</strong></span> <span class='ocrx_word' id='word_1_219' title='bbox 795 4301 897 4356; x_wconf 90' lang='lat' dir='ltr'><strong>autem</strong></span> <span class='ocrx_word' id='word_1_220' title='bbox 926 4291 1050 4376; x_wconf 88' lang='lat' dir='ltr'><strong>collegii</strong></span> <span class='ocrx_word' id='word_1_221' title='bbox 1081 4290 1218 4354; x_wconf 88' lang='lat' dir='ltr'><strong>eiusdem</strong></span> <span class='ocrx_word' id='word_1_222' title='bbox 1247 4310 1328 4352; x_wconf 93' lang='lat' dir='ltr'><strong>com-</strong></span> 
     </span>
     <span class='ocr_line' id='line_1_36' title="bbox 115 4400 1340 4490; baseline 0.004 -29"><span class='ocrx_word' id='word_1_223' title='bbox 115 4400 282 4465; x_wconf 83' lang='lat' dir='ltr'><strong>menterios</strong></span> <span class='ocrx_word' id='word_1_224' title='bbox 303 4424 435 4486; x_wconf 92' lang='lat' dir='ltr'><strong>quorum</strong></span> <span class='ocrx_word' id='word_1_225' title='bbox 454 4405 599 4490; x_wconf 89' lang='lat' dir='ltr'><strong>reliquias</strong></span> <span class='ocrx_word' id='word_1_226' title='bbox 620 4405 769 4470; x_wconf 88' lang='lat' dir='ltr'><strong>Marinius</strong></span> <span class='ocrx_word' id='word_1_227' title='bbox 796 4406 877 4469; x_wconf 82' lang='lat' dir='ltr'><strong>‘Att</strong></span> <span class='ocrx_word' id='word_1_228' title='bbox 899 4407 988 4470; x_wconf 90' lang='lat' dir='ltr'><strong>Arv.’</strong></span> <span class='ocrx_word' id='word_1_229' title='bbox 1008 4406 1070 4469; x_wconf 90' lang='lat' dir='ltr'><strong>tab.</strong></span> <span class='ocrx_word' id='word_1_230' title='bbox 1095 4403 1164 4468; x_wconf 89' lang='lat' dir='ltr'><strong>XH</strong></span> <span class='ocrx_word' id='word_1_231' title='bbox 1183 4427 1214 4490; x_wconf 92' lang='lat' dir='ltr'><strong>p.</strong></span> <span class='ocrx_word' id='word_1_232' title='bbox 1236 4401 1340 4468; x_wconf 40' lang='lat' dir='ltr'><strong>OXVv</strong></span> 
     </span>
     <span class='ocr_line' id='line_1_37' title="bbox 115 4512 1327 4607; baseline 0.002 -30"><span class='ocrx_word' id='word_1_233' title='bbox 115 4512 167 4594; x_wconf 86' lang='lat' dir='ltr'><strong>(cf.</strong></span> <span class='ocrx_word' id='word_1_234' title='bbox 181 4538 211 4602; x_wconf 92' lang='lat' dir='ltr'><strong>p.</strong></span> <span class='ocrx_word' id='word_1_235' title='bbox 228 4516 269 4580; x_wconf 83' lang='lat'><strong>84</strong></span> <span class='ocrx_word' id='word_1_236' title='bbox 283 4516 370 4603; x_wconf 86' lang='lat' dir='ltr'><strong>ibid.)</strong></span> <span class='ocrx_word' id='word_1_237' title='bbox 390 4518 493 4603; x_wconf 89' lang='lat' dir='ltr'><strong>quoad</strong></span> <span class='ocrx_word' id='word_1_238' title='bbox 513 4519 581 4584; x_wconf 89' lang='lat' dir='ltr'><strong>fieri</strong></span> <span class='ocrx_word' id='word_1_239' title='bbox 600 4520 699 4606; x_wconf 89' lang='lat' dir='ltr'><strong>potuit</strong></span> <span class='ocrx_word' id='word_1_240' title='bbox 718 4531 806 4585; x_wconf 90' lang='lat' dir='ltr'><strong>acute</strong></span> <span class='ocrx_word' id='word_1_241' title='bbox 827 4520 964 4607; x_wconf 86' lang='lat' dir='ltr'><strong>explevit</strong></span> <span class='ocrx_word' id='word_1_242' title='bbox 984 4521 1106 4585; x_wconf 86' lang='lat' dir='ltr'><strong>circiter</strong></span> <span class='ocrx_word' id='word_1_243' title='bbox 1126 4542 1241 4584; x_wconf 90' lang='lat' dir='ltr'><strong>annum</strong></span> <span class='ocrx_word' id='word_1_244' title='bbox 1267 4517 1327 4581; x_wconf 83' lang='lat'><strong>796</strong></span> 
     </span>
    </p>
   </div>
   <div class='ocr_carea' id='block_1_4' title="bbox 0 0 1456 5122">
    <p class='ocr_par' dir='ltr' id='par_1_4' title="bbox 0 0 1456 5122">
     <span class='ocr_line' id='line_1_38' title="bbox 0 0 1456 5122; baseline 0 2"><span class='ocrx_word' id='word_1_245' title='bbox 0 0 1456 5122; x_wconf 95' lang='lat' dir='ltr'><strong> </strong></span> 
     </span>
    </p>
   </div>
  </div>
 </body>
</html>
