2902 5122
697 247 743 323 38

111 461 300 549 conscriptos
327 483 394 528 esse
418 462 611 550 Furiumque
631 460 797 528 Camillum
819 457 1057 528 Scribonianum
1085 461 1257 549 significari
1276 486 1335 551 pa-

110 586 191 642 trem
224 576 358 642 arbitror
392 578 446 665 qui
477 600 506 643 a.
534 577 596 643 795
626 576 702 659 (Dio
733 574 795 640 LX
828 577 881 662 15)
907 575 990 641 bello
1010 575 1105 647 ,civili
1132 585 1219 644 moto
1245 577 1335 642 intra

99 688 253 776 quintum
273 691 355 757 diem
376 713 540 780 oppressus
564 698 618 757 est.

193 813 344 878 Privatim
371 816 503 900 siquae
529 815 625 880 literis
652 812 878 879 mandabantur
904 811 998 899 plane
1019 813 1061 876 ad
1081 812 1244 879 arbitrium
1267 816 1331 881 sin·

1 927 2 934 ’
111 926 258 1012 gaiorum
276 927 437 994 hominum
458 929 708 1017 voluntatemque
732 939 786 993 aut
812 927 1037 993 adhibebantur
1057 926 1180 994 Claudii
1201 929 1334 994 inventa

112 1047 166 1105 aut
185 1031 400 1107 reiciebantiir.
434 1043 546 1130 Neque
566 1046 599 1108 in
621 1043 714 1109 titulis
734 1041 866 1110 Claudio
887 1040 946 1129 ipsi
966 1041 1017 1107 vel
1038 1041 1145 1107 domui
1163 1042 1333 1130 Augustae

113 1153 220 1220 dicatis
245 1176 309 1220 non
343 1157 601 1244 deprehendimus
627 1158 732 1223 literas
769 1158 914 1244 vulgares
947 1154 1032 1227 velut
1064 1140 1148 1244 apud
1182 1157 1332 1222 Momms.

113 1268 139 1332 I.
165 1268 207 1333 N.
236 1270 320 1336 2396
348 1272 430 1337 3398
457 1272 496 1336 01.
545 1273 666 1338 Verum
690 1293 731 1336 ne
757 1273 819 1336 hcc
847 1269 973 1357 quidem
998 1269 1248 1359 inscriptionibus
1277 1272 1333 1338 dc-

113 1391 302 1450 monstratur
333 1385 491 1452 insolitum
523 1388 618 1453 firisse
651 1396 699 1452 ut
719 1387 795 1451 alias
828 1385 933 1451 literas
965 1408 985 1449 a
1020 1383 1153 1451 Claudio
1187 1385 1334 1450 inventas

113 1498 295 1583 probarent,
325 1500 365 1566 ab
392 1501 459 1567 aliis
484 1502 696 1569 abhorrerent
748 1501 802 1568 Sio
829 1501 862 1565 in
887 1499 977 1566 titulo
1007 1499 1096 1564 lan
1124 1508 1155 1566 et
1178 1498 1200 1563 l
1221 1499 1336 1566 literae

113 1612 311 1698 reperiuntur
334 1616 390 1681 sed
416 1616 478 1682 ΑΕ
508 1641 567 1704 pro
593 1616 645 1681 AI
672 1616 809 1703 syllaba,
840 1615 875 1678 in
904 1614 993 1680 titulo
1017 1614 1061 1686 ,15
1093 1613 1172 1679 let
1195 1613 1247 1679 AI
1277 1615 1336 1680 scd

113 1748 172 1812 pro
200 1727 228 1791 d
255 1729 358 1815 figura
386 1732 431 1813 V,
459 1734 492 1794 in
518 1730 607 1797 titulo
641 1729 732 1796 2011
759 1731 814 1796 sed
841 1729 872 1793 Y
901 1750 960 1817 pro
989 1727 1011 1792 l
1040 1728 1156 1810 vocali,
1180 1728 1214 1792 in
1239 1728 1335 1794 titulo

114 1839 158 1904 24
178 1839 205 1904 d
226 1843 282 1908 sed
302 1843 379 1927 ΑΕ,
407 1844 439 1908 in
460 1845 549 1911 titulo
570 1847 610 1910 19
632 1841 660 1905 d
679 1846 735 1910 sed
762 1844 793 1908 Y
821 1853 853 1910 et
880 1842 958 1926 An,
983 1843 1015 1905 in
1044 1842 1132 1908 titulo
1160 1844 1199 1908 21
1232 1841 1252 1906 l
1275 1844 1336 1909 sed

108 1953 176 2019 ,AE
198 1956 425 2044 diphthongus,
444 1959 477 2022 in
494 1961 591 2025 titulis
612 1961 629 2023 1
653 1969 684 2025 01
704 1959 723 2021 8
745 1959 830 2024 0123
852 1956 950 2022 laed
970 1956 1002 2021 V
1020 1979 1193 2022 consonans
1213 1966 1244 2023 et
1258 1957 1337 2041 Aa,

115 2069 148 2133 in
167 2070 257 2136 titulo
288 2073 328 2138 16
354 2073 405 2138 AI
433 2074 488 2138 sed
515 2075 547 2137 V
574 2096 632 2161 pro
663 2076 690 2140 d
720 2080 750 2138 et
776 2070 848 2136 Iin
870 2066 1099 2139 EVTICHVS
1121 2093 1198 2138 voce
1217 2093 1278 2160 pro
1301 2072 1335 2136 1.

115 2185 210 2253 Unde
230 2187 367 2274 privatos
387 2187 528 2254 homines
549 2186 734 2255 concludere
761 2187 833 2251 licet
859 2209 924 2251 non
950 2186 1045 2253 modo
1070 2186 1212 2251 omnibus
1238 2186 1338 2252 simul

115 2301 211 2367 literis
229 2301 408 2368 Claudianis
429 2325 579 2390 perquam
600 2323 667 2367 esse
686 2324 758 2367 raro
787 2323 875 2384 usos,
901 2323 1010 2366 verum
1038 2302 1131 2369 etiam
1149 2300 1288 2368 maxime
1311 2301 1335 2367 l

115 2415 253 2499 literam,
282 2413 310 2477 d
337 2427 558 2482 consonantem
585 2416 775 2501 aliquantulo
805 2409 923 2500 minus,
951 2416 1078 2480 minime
1104 2413 1156 2479 AI
1177 2414 1337 2500 syllabam

115 2530 273 2616 probasse.
315 2528 446 2618 Saepius
472 2539 575 2596 autern
603 2522 695 2597 ctiam
720 2531 753 2595 in
780 2554 843 2597 uno
864 2529 953 2596 titulo
974 2530 1171 2596 inscribendo
1191 2530 1339 2596 homines

116 2645 176 2710 sibi
194 2644 335 2711 videmus
355 2667 419 2712 non
440 2646 625 2727 constitisse,
653 2646 905 2733 quandoquidem
931 2647 964 2710 in
992 2645 1082 2711 titulo
1108 2640 1148 2710 12
1169 2642 1245 2709 MR
1265 2665 1339 2709 ver-

116 2765 193 2829 bum
213 2765 284 2830 02
313 2765 459 2831 continuo
488 2791 516 2830 v.
539 2747 674 2830 3DlVl
701 2765 912 2850 subsequitur,
938 2765 971 2828 in
999 2764 1087 2828 titulo
1116 2766 1137 2828 b
1165 2772 1213 2828 ter
1237 2772 1287 2830 est
1307 2762 1340 2829 id

117 2879 299 2966 inscriptum
320 2878 374 2943 sed
397 2904 427 2943 v.
449 2880 471 2942 4
491 2877 701 2943 INVICTAI
726 2887 758 2942 et
783 2888 831 2943 ter
858 2878 909 2942 ΑΙ
937 2879 993 2944 sed
1020 2904 1049 2942 v.
1074 2880 1091 2942 1
1116 2875 1338 2959 CAESARE,

118 2992 259 3058 111011
281 2993 323 3056 14
343 3018 372 3058 v.
394 2994 412 3056 1
434 2969 594 3059 iterna
612 3025 619 3040 ·
642 2990 891 3058 1110111111
912 2994 968 3059 sea
991 2993 1104 3058 seara
1122 2993 1267 3080 deinceps
1286 3002 1339 3059 aar

117 3107 185 3188 A1,
212 3109 247 3171 in
265 3108 355 3173 titulo
385 3110 424 3173 16
451 3134 481 3173 v.
510 3109 529 3171 3
559 3104 770 3174 CAISARIS
798 3108 853 3172 sed
879 3133 909 3172 v.
938 3109 960 3170 4
988 3107 1181 3173 CVRLAE·
1204 3106 1339 3174 ASERe

118 3220 246 3304 NIAE,
270 3223 304 3285 in
324 3219 413 3287 titulo
436 3223 476 3287 15
498 3248 528 3288 v.
550 3222 567 3285 1
591 3219 802 3289 CAISARIS
830 3223 885 3286 sed
903 3221 1015 3286 deinde
1035 3221 1180 3309 deinceps
1200 3221 1262 3286 ΑΕ
1287 3229 1340 3286 101

117 3336 242 3424 legitur.
284 3335 368 3401 Nam
394 3338 447 3424 qui
473 3336 686 3424 inscriptiones
708 3336 749 3400 15
779 3344 810 3400 et
838 3337 877 3399 16
906 3336 1106 3401 confecerunt
1132 3335 1239 3424 primis
1267 3357 1340 3400 ver-

83 3439 99 3458 ’
118 3452 202 3517 sibus
230 3451 387 3517 inductam
412 3476 432 3517 a
460 3451 605 3533 Claudio,
635 3450 799 3536 postremis
830 3452 1012 3516 tralaticiam
1039 3451 1221 3537 scripumam
1247 3445 1339 3507 adhi-

120 3567 270 3647 buerunt;
292 3588 311 3631 e
332 3565 486 3630 contrario
507 3563 611 3628 titulos
634 3565 656 3630 b
674 3572 705 3629 01
727 3566 769 3628 14
789 3566 843 3651 qui
862 3567 1083 3653 inscripserunt
1102 3560 1217 3628 usitatis
1238 3556 1339 3622 literis

118 3680 159 3745 ab
177 3679 264 3742 initio
286 3686 316 3742 01
337 3677 448 3744 deinde
474 3677 652 3745 Claudianis
680 3681 728 3743 usi
755 3688 840 3760 sunt3
869 3681 901 3742 in
929 3678 1018 3743 titulo
1047 3680 1087 3741 12
1108 3682 1211 3739 autem
1232 3671 1338 3761 primo

119 3802 151 3860 et
171 3800 309 3857 extremo
328 3801 474 3879 usurpata
495 3791 619 3858 Claudii
643 3794 769 3859 inventa
795 3802 869 3858 sunt
896 3793 952 3858 sed
979 3789 1150 3856 intermissa
1170 3789 1202 3851 in
1221 3786 1338 3856 medic.

120 3906 319 3991 Quamquam
346 3927 387 3970 ne
414 3906 484 3994 plus
511 3930 610 3994 aequo
638 3907 808 3972 tribuamus
834 3907 1006 3973 cavendum
1032 3913 1078 3968 est
1104 3903 1136 3968 id
1163 3924 1262 3989 genus
1290 3902 1339 3965 in-

119 4020 385 4108 aequabilitatibus
413 4044 488 4106 quas
520 4045 540 4086 0
569 4022 725 4110 lapidariis
758 4043 851 4107 quam
877 4022 917 4085 ab
953 4020 996 4084 eis
1025 4019 1078 4105 qui
1105 4016 1339 4083 inscribendum

119 4136 242 4201 titulum
261 4144 408 4201 curarunt
426 4137 579 4223 profectas
601 4159 668 4202 esso
688 4112 883 4201 verisimilius
904 4144 959 4200 est.
987 4132 1241 4200 Constantissime
1260 4151 1339 4222 vero

120 4274 220 4320 novae
246 4253 405 4316 literarum
431 4252 550 4316 formae
577 4252 611 4314 in
638 4251 805 4316 honorario
834 4247 889 4337 Sp.
916 4249 1063 4315 Turranii
1093 4247 1182 4312 titulo
1212 4247 1251 4310 18
1272 4267 1339 4311 ser-

121 4376 210 4431 vatae
229 4375 309 4432 sunt.
341 4367 388 4435 Ut
407 4367 490 4433 enim
504 4365 660 4431 PRAEF·
682 4375 788 4430 notam
803 4391 833 4430 v.
852 4367 872 4430 3
895 4366 1069 4430 omittamus
1088 4383 1167 4449 quae
1185 4361 1340 4446 originem

121 4481 283 4545 manifesto
304 4481 430 4568 elapso
452 4481 569 4569 accepit
588 4482 622 4544 in
648 4480 699 4546 ΑΙ
719 4481 841 4566 syllaba
869 4480 1071 4566 insculpenda
1092 4475 1260 4565 lapidario,
1282 4472 1341 4543 SI·
