2902 5122
599 259 856 361 „AL

117 476 241 544 virtutc'
263 485 294 540 ct
312 479 363 541 ‘ut
379 475 413 539 in
434 495 471 539 co
493 465 578 558 quod
598 480 645 536 est
665 471 776 558 lugere
795 473 950 538 scabere)
991 471 1113 557 Atquin
1143 473 1283 559 ‘lugere'
1305 474 1351 543 et'

115 589 281 655 ‘scribere'
311 589 481 655 secuudum
510 589 605 653 latum
637 587 745 652 literae
773 609 886 652 sonum
920 586 1160 653 enuntiabantur
1191 610 1249 654 nec
1278 610 1336 676 per

115 722 231 770 novam
252 705 373 770 literam
393 703 598 770 Claudianum
624 703 846 769 scribebantur.
895 701 1005 787 Itaque
1029 680 1095 788 pro*
1114 702 1199 767 ‘viro
1223 711 1257 767 ct
1274 703 1334 767 uir-

115 822 198 886 tute'
218 820 376 886 vocabulis
397 841 478 905 quae
498 818 592 884 Velio
617 816 743 902 quidem
771 818 953 903 ambiguum
979 817 1150 882 interiet
1172 817 1202 881 V
1223 839 1333 883 sonum

115 937 233 1003 habere
254 935 438 1000 videbantur
459 956 495 1019 ea
516 941 637 1020 oportet
657 932 856 997 restituantur
878 954 958 1018 quae
977 934 1147 1003 secuudum
1164 933 1334 999 exilitatem

115 1050 134 1113 Ι
154 1051 261 1115 literae
283 1059 313 1115 et
334 1049 503 1114 secundum
523 1024 771 1136 pinguitudinem
792 1048 823 1111 V
844 1047 952 1112 literae
973 1048 1129 1112 enuntiata
1148 1048 1218 1112 unt.
1255 1049 1335 1114 Tota

116 1167 212 1251 igitur
233 1166 329 1231 verba
351 1165 482 1231 Veliana
502 1186 566 1229 non
595 1164 737 1229 omnibus
765 1172 896 1250 purgata
919 1163 1164 1248 corruptelarum
1190 1163 1334 1227 sordibus

117 1304 185 1348 esse
205 1303 314 1345 verum
339 1281 498 1367 aliquanto
526 1288 630 1344 tamen
659 1279 848 1345 emendatius
875 1278 921 1342 sic
945 1277 1010 1363 lagi
1035 1277 1136 1341 iudico
1165 1277 1264 1342 ‘unde
1284 1279 1332 1343 Ti.

117 1396 268 1463 Claudius
289 1418 403 1461 novam
417 1394 573 1481 quandam
593 1394 715 1459 literam
730 1391 920 1478 excogitavit
938 1393 1072 1458 similem
1093 1392 1227 1456 cincus
1240 1415 1334 1479 quam

117 1535 175 1598 pro
203 1512 390 1597 aspiratione
414 1509 531 1576 Graeci
558 1520 694 1596 ponunt,
722 1530 779 1594 per
807 1529 901 1593 qnam
928 1508 1137 1573 scriberentur
1159 1531 1213 1573 eae
1242 1531 1334 1574 voces

117 1648 198 1713 quae
217 1645 319 1712 neque
339 1626 509 1691 secundnm
529 1624 698 1691 exilitatem
723 1625 741 1687 Ι
763 1624 872 1687 literae
899 1643 1001 1708 neque
1023 1625 1193 1688 secundum
1213 1625 1334 1711 pingui-

115 1743 255 1807 tudinem
275 1743 306 1806 V
327 1743 434 1807 literae
454 1750 600 1808 sonarent
626 1751 661 1805 ut
680 1742 713 1804 in
741 1739 790 1827 [eo
813 1739 899 1824 quod
918 1748 965 1803 est
983 1739 1062 1804 bibit
1081 1739 1204 1829 pedeti,
1233 1760 1335 1826 neque

117 1879 224 1922 rursus
244 1857 415 1921 secundum
443 1856 540 1921 latum
565 1857 672 1922 literae
697 1877 809 1920 sonum
829 1854 1062 1919 enuntiarentur
1083 1864 1118 1918 ut
1134 1856 1168 1918 in
1189 1877 1225 1920 eo
1248 1856 1334 1941 quod

116 1983 164 2036 cst
183 1974 293 2058 lugere
317 1971 470 2036 scribere.’
905 2025 908 2029 .
1347 1956 1348 1960 “

200 2089 344 2174 Apparet
370 2087 466 2172 igitur
492 2108 510 2150 e
535 2084 620 2149 Velii
645 2085 747 2149 verbis
777 2107 892 2150 novam
919 2107 1012 2170 quam
1038 2083 1188 2150 Claudius
1216 2085 1334 2150 invenit

117 2203 239 2266 literam
260 2201 368 2264 mediis
389 2200 563 2265 inserviisse
592 2200 672 2264 inter
699 2200 770 2264 Iet
792 2201 820 2264 V
843 2201 970 2264 vocibus
998 2205 1077 2286 quae
1103 2223 1205 2286 neque
1226 2223 1334 2265 secun—

119 2315 195 2380 dum
217 2315 383 2380 exilitatem
404 2314 422 2379 I
449 2316 556 2379 literae
581 2337 682 2406 neque
706 2316 875 2380 secundum
902 2315 1150 2402 pinguitudinem
1178 2316 1207 2379 V
1228 2317 1334 2381 literae

119 2453 221 2516 neque
242 2430 411 2496 secundum
432 2431 528 2494 latum
549 2430 567 2493 I
587 2440 639 2493 aut
659 2431 689 2494 V
711 2432 826 2495 vocalis
850 2453 962 2497 sonum
983 2431 1229 2495 enuntiabantur.
1251 2430 1334 2495 Nam

119 2547 193 2609 satis
214 2546 312 2609 multa
332 2547 415 2632 apud
443 2546 602 2609 Romanos
630 2546 725 2609 verba
746 2555 841 2627 ¹erant
868 2546 901 2609 in
926 2547 1037 2630 quibus
1064 2547 1084 2610 Ι
1109 2556 1142 2609 ct
1164 2546 1193 2610 V
1212 2547 1334 2610 vocales

120 2684 184 2726 non
205 2682 496 2747 expressumsuum
519 2682 630 2724 sonum
657 2662 808 2725 haberent
835 2660 890 2724 scd
917 2664 945 2720 Y
960 2661 1116 2743 Graecae,
1137 2661 1241 2747 qualia
1264 2671 1335 2725 sunt

121 2776 252 2863 optimus
274 2798 298 2838 s.
320 2784 481 2861 optumus,
501 2775 597 2839 libido
619 2797 643 2837 s.
666 2775 789 2857 lubido,
811 2777 964 2840 existimat
978 2799 1000 2838 s.
1017 2776 1197 2859 existimat,
1219 2777 1334 2863 clipeus

120 2913 145 2953 s.
174 2891 317 2977 clupeus,
349 2890 419 2954 alia.
452 2891 491 2953 cf.
518 2890 627 2954 Velius
655 2889 784 2978 Longus
810 2910 841 2978 p.
871 2893 954 2956 2219
982 2891 1019 2956 Ρ.
1053 2890 1096 2974 (v.
1123 2914 1195 2978 pag.
1227 2893 1277 2975 16)
1305 2903 1336 2957 et

120 3004 238 3070 Marius
260 3004 439 3069 Victorinus
457 2982 490 3091 ¹p.
512 3006 595 3069 2465
622 3004 720 3071 ‘Sunt
747 3007 800 3093 qui
825 3007 905 3070 inter
928 3008 957 3069 V
980 3027 1104 3090 quoque
1133 3016 1164 3070 et
1190 3006 1208 3070 I
1231 3007 1334 3070 literas
1414 3021 1418 3027 '

120 3130 289 3208 supputant
309 3120 415 3184 deesse
432 3120 523 3184 nobis
543 3142 661 3202 voces,¹
680 3122 734 3185 sed
762 3123 906 3208 pinguius
927 3144 1021 3207 quam
1041 3121 1077 3203 Ι,
1106 3121 1216 3185 exilius
1242 3145 1335 3208 quam

121 3235 168 3298 V:
191 3235 245 3299 sed
266 3257 342 3322 pace
363 3257 470 3300 eorum
492 3235 640 3318 dixerim,
668 3259 731 3301 non
759 3235 865 3327 uident
900 3238 928 3294 Y
943 3235 1063 3300 literam
1085 3236 1269 3300 desiderari:
1292 3238 1335 3305 sic

121 3350 204 3414 enim
224 3349 335 3436 gylam
359 3372 518 3436 myserum
536 3351 689 3436 syllabam
709 3372 899 3438 proxymum
921 3346 1063 3414 dicebant
1083 3351 1212 3437 antiqui’
1235 3352 1336 3414 etalii

121 3465 314 3552 grammatici
342 3487 475 3550 quorum
503 3466 734 3552 diligentissime
763 3466 974 3533 Schneiderus
998 3467 1070 3530 inde
1091 3489 1109 3528 a
1129 3489 1159 3553 p.
1183 3467 1231 3531 19.
1255 3467 1336 3531 testi-

121 3579 227 3644 monia
253 3580 415 3666 congessit.
465 3580 570 3667 ipsam
601 3591 705 3646 autem
745 3584 773 3642 Y
800 3581 940 3645 vocalem
974 3581 1115 3667 germani
1148 3581 1337 3668 ingenuique

121 3695 256 3759 Romani
282 3696 347 3760 etsi.
367 3718 388 3759 a
415 3694 545 3760 Graecis
571 3696 690 3782 quoties
717 3697 844 3762 illorum
870 3696 1045 3761 nominibus
1074 3697 1238 3761 utebantur
1258 3698 1336 3763 sole

123 3811 198 3875 bant
223 3811 374 3892 mutuari,
404 3809 437 3873 in
464 3809 581 3874 Latinis
609 3821 712 3876 tamen
740 3813 845 3878 verbis
878 3813 950 3876 loco
982 3812 1011 3875 V
1038 3821 1092 3874 aut
1125 3811 1144 3874 Ι
1177 3812 1336 3876 literarum

123 3924 176 3990 nbi
203 3928 231 3986 Y
245 3923 387 3992 Graecae
407 3946 518 3990 sonum
538 3926 689 3992 haberent
708 3929 782 4016 poni
803 3929 955 4015 quaedam
977 3930 1063 4012 quasi
1083 3927 1193 4011 religio
1215 3928 1338 3990 incessit

123 4041 174 4124 (cf.
196 4039 404 4118 Quintilianus
427 4039 497 4105 XII
519 4043 568 4123 10,
595 4042 658 4130 27).
708 4043 778 4107 Iam
806 4065 881 4107 vero
905 4042 1052 4108 Claudius
1084 4042 1117 4105 id
1138 4041 1201 4126 egit
1220 4037 1255 4105 ut
1274 4063 1337 4104 me-

124 4156 209 4220 dium
230 4157 313 4220 hunc
334 4156 352 4219 Ι
374 4165 404 4219 et
425 4154 455 4220 V
477 4156 583 4223 literae
604 4158 705 4223 idest
731 4162 759 4220 Y
775 4159 860 4224 vocis
881 4180 992 4222 sonum
1011 4156 1065 4243 qui
1085 4164 1151 4222 erat
1171 4155 1204 4217 in
1224 4152 1336 4220 Latino

124 4293 267 4335 sermone
288 4273 425 4357 signaret
452 4281 483 4336 et
508 4273 710 4360 exprimeret,
738 4297 848 4338 verum
876 4296 940 4338 non
968 4276 996 4333 Y
1014 4281 1120 4337 notam
1141 4293 1201 4356 qua
1223 4269 1337 4335 Graeci

124 4386 289 4450 utebantur
315 4386 463 4467 servavit,
490 4387 545 4451 sed
572 4409 671 4473 aeque
691 4385 775 4453 acO
800 4388 933 4474 figuram
960 4388 993 4450 in
1020 4392 1054 4447 Ψ
1073 4385 1215 4451 Graecae
1232 4386 1338 4450 locum

123 4503 321 4564 substituerat
347 4524 460 4566 novam
483 4523 561 4585 quae
594 4505 622 4562 Y
637 4502 778 4568 Graecae
806 4528 863 4591 par
887 4513 967 4606 capet
993 4503 1114 4564 literam
1141 4502 1336 4588 excogitavit.

1152 4602 1172 4664 2
