2902 5122
335 1045 680 1128 FRIDERIOVS
723 1044 1094 1126 RITSOHELIVS

664 1223 713 1290 S·
736 1225 768 1289 D

144 1366 405 1501 rusorum
433 1403 718 1503 nomano.
787 1405 1026 1501 crimme
1056 1402 1284 1499 urrunnu.

203 1694 304 1794 Quod
325 1712 437 1777 uestris
457 1711 634 1778 nominibus
654 1733 715 1799 ego
737 1733 850 1777 ornare
869 1711 1009 1777 libellum
1023 1734 1087 1778 non
1108 1736 1127 1776 a
1145 1734 1197 1776 me
1210 1712 1325 1776 factum

114 1825 247 1908 institui,
273 1827 338 1891 eius
366 1827 486 1892 consilii
514 1851 585 1892 oum
609 1829 776 1893 miraturos
803 1851 860 1894 uos
893 1829 1063 1893 nouitatem
1088 1827 1229 1914 suspicor
1258 1835 1325 1889 tum

114 1940 266 2006 rationem
287 1941 410 2007 confido
432 1942 465 2006 in
485 1944 601 2008 bonam
623 1952 744 2031 partem
764 1944 1027 2030 interpretaturos.
1054 1941 1225 2007 Enimuero
1247 1942 1327 2007 scire

115 2078 172 2121 uos
199 2057 272 2122 uolo
298 2057 483 2122 industrium
512 2062 546 2123 in
572 2060 679 2146 primis
707 2058 870 2122 librarium
896 2056 1183 2140 Elberleldeusem,
1215 2057 1269 2122 ubi
1298 2058 1327 2122 ei

116 2171 246 2257 dignum
266 2172 366 2237 uideri
385 2173 438 2258 qui
457 2174 490 2236 iu
511 2173 668 2260 publicam
688 2173 790 2238 lucem
810 2173 949 2259 prodiret
968 2173 1052 2237 hunc
1073 2175 1112 2238 de
1130 2173 1178 2236 Ti.
1193 2172 1326 2238 Claudio

115 2286 317 2371 grammatico
345 2288 600 2354 commentarium
628 2289 816 2376 significaui,
851 2287 987 2353 oblatam
1021 2288 1079 2353 sibi
1114 2287 1328 2354 condicionem

117 2402 177 2466 hac
203 2401 275 2489 lege
303 2405 459 2491 accipere,
486 2413 520 2469 ut
547 2404 664 2490 aliquid
690 2403 737 2467 illi
764 2404 1038 2470 commendationis
1073 2405 1129 2488 (sio
1158 2405 1241 2469 enim
1270 2405 1328 2469 sibi

116 2519 280 2604 persuasit)
300 2541 318 2585 e
338 2541 410 2585 mea
430 2519 535 2605 aliqua
554 2520 744 2606 praefatione
766 2519 899 2584 accedat.
933 2517 1029 2597 Quod
1045 2520 1128 2587 unde
1147 2520 1199 2585 uel
1215 2521 1328 2586 rectius

117 2632 168 2696 uel
196 2633 350 2699 efficacius
382 2657 475 2720 quam
506 2655 524 2698 e
556 2643 661 2699 uestra
692 2634 793 2719 gratia
828 2642 858 2698 et
891 2634 1072 2700 auctoritate
1103 2645 1222 2722 petam,
1256 2656 1328 2699 con-

116 2748 307 2814 iunctissima
335 2771 373 2814 ea
400 2759 432 2814 et
459 2771 531 2814 cum
557 2751 635 2815 meis
661 2750 831 2815 commodis
853 2759 884 2814 et
904 2771 975 2814 cum
996 2748 1095 2813 salute
1109 2748 1179 2835 ,ipsa
1199 2747 1245 2812 rei
1266 2748 1328 2833 epi-

116 2864 301 2951 graphicae,
322 2865 363 2929 ad
383 2865 539 2953 publicam
559 2875 663 2931 autem
682 2865 939 2932 existImationem
960 2864 1192 2930 ualentissima?
1227 2863 1329 2949 Igitur

118 2979 364 3066 aequibonique
385 2981 535 3047 consulite
556 3004 635 3068 quae
656 2982 762 3065 uobis,
791 2991 827 3046 ut
852 3003 870 3046 e
895 2982 941 3046 rei
965 2981 1094 3046 ueritate
1122 2980 1237 3061 dicam,
1265 3001 1329 3042 non
1395 3026 1400 3039 t

117 3103 238 3160 tantum
265 3118 349 3160 nunc
374 3096 538 3161 mittuntur
563 3097 750 3185 suscipiendi
779 3096 941 3184 patrocinii
969 3119 1093 3177 caussa,
1128 3094 1183 3159 sed
1212 3094 1329 3160 eisdem

118 3210 212 3274 etiam
229 3212 342 3298 scripta
362 3221 447 3276 sunt:
475 3221 510 3276 ut
527 3213 567 3278 ad
589 3235 723 3298 quorum
743 3214 937 3300 potissimum
958 3210 1103 3297 exempla
1123 3210 1174 3273 hic
1194 3232 1227 3274 se
1255 3218 1330 3275 stre-

118 3346 198 3390 nuus
218 3325 399 3392 adulescens
419 3327 564 3413 gnauiter
590 3328 791 3393 conformarit
818 3328 990 3413 quibusque
1010 3326 1183 3389 studiorum
1202 3346 1330 3390 suorum

118 3440 235 3505 fructus
256 3450 379 3526 praeter
400 3452 518 3508 ceteros
538 3443 673 3529 probare
700 3451 833 3529 cuperet.
878 3440 942 3520 Qui
970 3442 996 3505 si
1022 3440 1110 3505 uobis
1140 3458 1264 3524 quoque
1292 3438 1331 3503 de

120 3556 335 3620 communibus
355 3556 464 3622 litteris
485 3579 550 3621 non
570 3558 653 3623 male
672 3557 822 3624 meruisse
844 3558 935 3622 docta
956 3565 987 3620 et
1006 3555 1111 3620 subtili
1127 3553 1331 3640 disputatione

120 3691 175 3734 sua
198 3670 369 3754 uidebitur,
390 3672 480 3737 facile
501 3681 576 3760 puto
595 3673 720 3738 ueniam
748 3694 856 3738 eorum
882 3671 1019 3737 inueniet
1046 3672 1072 3734 si
1091 3691 1171 3755 quae
1190 3671 1271 3734 forte
1289 3706 1327 3718 -

121 3807 201 3870 quae
228 3795 333 3851 tamen
357 3808 425 3853 esse
450 3811 548 3874 pauca
574 3787 666 3853 uideo
694 3825 735 3836 —
762 3810 862 3874 paene
888 3788 983 3851 nimia
1009 3787 1176 3851 subtilitate
1203 3787 1331 3849 rimatus

121 3909 175 3965 est.
207 3900 281 3966 Non
300 3924 356 3967 uos
375 3902 474 3988 fugiet
492 3903 631 3989 cogitare
651 3925 702 3968 me
731 3903 770 3968 de
798 3924 835 3969 ea
861 3901 1125 3967 commentationis
1145 3911 1248 3987 parte,
1271 3923 1332 3986 qua

121 4014 364 4081 Claudianorum
402 4042 492 4082 usum
529 4019 701 4085 litterarum
737 4020 827 4085 certis
866 4040 1019 4083 annorum
1051 4017 1167 4082 finibus
1204 4016 1331 4080 circum·

120 4133 269 4218 scriptum
290 4132 331 4197 ad
352 4143 415 4197 tam
436 4157 578 4199 seueram
597 4157 740 4200 normam
768 4143 798 4200 et
818 4143 976 4220 tamquam
996 4132 1164 4197 formulam
1185 4152 1333 4196 reuocare

122 4247 251 4331 studuit,
273 4257 308 4312 ut
332 4271 402 4314 meo
432 4271 524 4315 sensu
556 4259 586 4314 et
615 4251 807 4315 insuetorum
832 4272 915 4313 nouo
944 4249 1082 4312 instituto
1110 4247 1333 4334 lapidariorum

121 4363 334 4449 indiligentiae
366 4366 472 4452 paullo
506 4367 608 4431 minus
644 4388 738 4452 quam
772 4365 879 4429 debuit
910 4365 1074 4444 tribueret,
1108 4372 1139 4426 et
1174 4371 1333 4447 tamquam

122 4478 226 4565 aliqua
246 4482 425 4547 necessitate
452 4483 546 4547 initae
565 4482 661 4548 semel
681 4481 921 4547 ratiocinationis
943 4489 1066 4544 coactus
1090 4479 1240 4564 quasdam
1262 4499 1333 4542 con-
