2902 5122
547 1057 672 1170 usont
699 980 880 1170 ossum.

195 1265 285 1342 lnter
311 1300 407 1342 novas
442 1278 546 1342 literas
579 1303 654 1365 quas
689 1278 839 1344 Claudius
870 1280 903 1340 in
930 1278 1120 1344 literaturam
1148 1279 1321 1344 Romanam

110 1392 233 1456 induxit
253 1394 445 1457 notissimum
468 1403 514 1458 est
535 1395 699 1480 digamma.
743 1394 857 1472 Quode
883 1414 901 1457 e
928 1393 1149 1457 recentioribus
1168 1415 1322 1479 gramma-
1372 1375 1375 1381 ¹

111 1507 177 1570 ticis
198 1517 321 1596 praeter
340 1507 439 1572 Taciti
459 1517 490 1572 et
507 1508 648 1574 Suetonii
668 1508 850 1595 interpretes
871 1509 1011 1594 inprimis
1032 1519 1164 1594 egerunt
1178 1509 1254 1574 Ger.
1275 1509 1321 1573 Io.

112 1623 241 1686 Vossius
268 1623 441 1687 Aristarch.
468 1623 498 1686 Ιῖ·
507 1624 549 1688 24
576 1644 606 1711 p.
628 1625 667 1687 71
691 1623 866 1706 Foertsch.‚
895 1622 982 1688 mid.
1010 1624 1131 1688 Ruhius
1159 1621 1323 1709 speciml

111 1738 219 1824 philol.
244 1738 537 1802 numismatiaolat.
572 1760 602 1824 p.
632 1739 689 1820 35,
721 1736 990 1803 Nuhmmacherus
1026 1738 1065 1802 de
1093 1738 1203 1801 litarat.
1232 1737 1323 1802 Rom.

111 1875 142 1938 p.
165 1853 244 1935 2033
273 1852 368 1919 Oonr.
389 1853 494 1941 vIieup
524 1851 733 1920 Schneiderus
760 1874 891 1940 gramm.
921 1853 973 1917 lat.
999 1853 1017 1916 Ι
1043 1875 1073 1940 p
1101 1855 1130 1914 4.
1174 1853 1325 1931 Veterum

110 1975 213 2031 autem
227 1942 418 2056 scriptorum
444 1969 619 2034 testimonia
646 1978 680 2034 ut
706 1968 776 2055 plus
803 1969 906 2032 minus
933 1969 1050 2032 habent
1076 1967 1264 2032 auctoritatis
1283 1963 1325 2030 lta

111 2083 281 2170 composita
300 2083 378 2148 haec
396 2094 486 2148 sunt:

194 2197 374 2263 Priscianus
392 2200 484 2262 instit.
505 2207 668 2285 grammat.
691 2198 765 2280 14,
787 2200 831 2262 20
849 2221 880 2284 p.
903 2200 943 2263 15
964 2199 1073 2262 Hertz.
1101 2197 1149 2263 ‘V
1163 2220 1238 2264 vero
1255 2198 1324 2262 loco

112 2313 308 2376 consenantis
336 2315 435 2400 posita
462 2315 592 2378 eandem
618 2334 746 2400 prorsus
777 2314 809 2378 in
839 2310 981 2378 omnibus
1014 2314 1092 2377 vim*
1105 2310 1213 2378 habuit
1243 2308 1325 2398 apud

112 2427 257 2509 Latinos,
277 2451 370 2514 quam
389 2428 472 2515 apud
493 2430 603 2493 Aeolis
624 2431 800 2515 digamma»
823 2430 926 2497 ⁴Unde
945 2450 964 2492 a
983 2427 1190 2516 plerisque-ei
1210 2448 1326 2491 nomen

112 2545 174 2606 hoc
208 2545 314 2624 datur,
350 2544 435 2628 qued
455 2545 556 2629 apud·
572 2544 681 2608 Aeolis
710 2544 818 2607 habuit
853 2545 928 2609 olim
961 2543 990 2607 F
1021 2541 1193 2629 digamma,
1220 2542 1253 2605 id
1280 2550 1327 2606 ssu

113 2657 237 2738 VAvs
256 2659 295 2721 ab
322 2658 415 2744 ipsius
437 2679 514 2722 voce
534 2660 708 2744 profectum
728 2667 805 2722 teste
824 2659 969 2722 Varrone
990 2668 1021 2722 st
1041 2658 1199 2744 Didymo,
1222 2654 1275 2742 qui
1293 2655 1326 2719 id

113 2772 141 2835 ei
163 2793 276 2865 nomen
298 2794 365 2837 esse
385 2773 560 2836 ostendunt
602 2775 666 2838 Pro
695 2797 756 2860 quo
785 2773 903 2840 Caesar
930 2772 1059 2838 lancis
1080 2774 1213 2858 figuram
1234 2771 1327 2834 scribi

113 2888 228 2968 voluit3
256 2889 341 2973 quod
369 2888 517 2972 quamvis·
536 2888 583 2951 illi
609 2886 693 2953 recte
717 2891 825 2953 visum
843 2899 905 2970 est,
933 2884 1253 2953 tamen-'consuetudo
1275 2908 1327 2948 an·

113 3003 199 3088 tiqua
219 3004 394 3089 superavit)
428 3000 643 3068 Scribendum‘
658 3013 704 3068 est
724 3003 804 3067 ‘Pro
824 3023 886 3089 quo
910 3000 1058 3068 Claudius
1081 2999 1197 3068 Caesar
1204 3002 1225 3083 ’,.
1244 3001 1328 3086 quod

113 3139 228 3182 nomen
256 3139 336 3181 cum·
354 3116 532 3181 Priscianus
558 3117 688 3181 sortasse
716 3117 786 3183 Gla
811 3127 952 3182 notasset
971 3117 1023 3202 (uf.
1051 3139 1115 3180 var.
1131 3114 1215 3181 lect.
1244 3115 1326 3180 Plin.

114 3241 214 3296 natur.
243 3232 349 3297 histor.
378 3231 409 3296 V
431 3234 466 3313 1,
493 3233 513 3296 2
542 3241 573 3296 et
600 3232 631 3316 3)
661 3230 751 3296 facile
777 3233 897 3297 librarii
921 3233 1204 3319 praetermiserunt.
1245 3231 1328 3294 Nam

114 3347 163 3412 Ti.
185 3346 366 3428 Claudium,
385 3369 450 3410 non
465 3346 501 3412 O.
514 3347 632 3412 Iulium
653 3369 745 3434 quem
767 3344 912 3414 ‘Caesar'
935 3348 961 3409 si
982 3347 1067 3410 nude
1086 3355 1219 3432 ponatur
1232 3347 1329 3410 inter-

114 3470 272 3547 pretemur
294 3455 500 3542 neccsseest,
530 3461 687 3547 digamma
714 3462 792 3527 illud
809 3463 975 3526 invenisse
997 3459 1206 3539 Quintilianus
1234 3469 1268 3524 et
1284 3459 1329 3522 in·

113 3576 295 3662 scriptiones
308 3577 476 3640 declarant.
508 3576 620 3662 Neque
640 3579 673 3640 in
687 3579 813 3643 numine
829 3577 1100 3642 commemorando
1111 3597 1180 3662 -per
1200 3573 1329 3639 inscios

115 3691 190 3754 tiam
204 3691 397 3757 Priscianum
411 3713 531 3756 errasse
550 3693 726 3774 credemus,
748 3691 862 3779 quippe
883 3693 935 3778 qui
955 3711 996 3755 ne
1007 3691 1174 3776 antisigma
1194 3690 1329 3776 quidem,

52 3851 54 3855 ψ
115 3805 247 3870 alterum
266 3806 427 3872 inventum
447 3807 672 3890 Claudianum,
693 3807 848 3895 plerisque
868 3807 1060 3903 incognitum
1088 3807 1310 3891 ignoraverit¹¹

201 3921 410 4000 Quintilianus
424 3922 516 3987 instit
532 3933 608 3987 orat.
631 3923 699 4005 17,-
714 3925 754 3988 26
776 3918 901 3987 ‘Nostri
913 3931 1128 4008 praeceptores
1148 3917 1331 3985 SERVOM

118 4037 365 4123 OERVOMque
385 4039 417 4101 V
435 4048 466 4102 et
488 4038 636 4104 0126123
656 4039 859 4126 scripserunt,
887 4038 959 4123 quia
977 4034 1114 4100 subiecta
1134 4035 1193 4098 sibi
1211 4033 1331 4098 vocalis

117 4153 150 4215 in
170 4174 268 4216 unum
288 4175 399 4216 sonum
420 4153 593 4218 coalescere
621 4162 653 4218 et
678 4154 826 4217 confundi
853 4153 1010 4238 nequiret3
1039 4172 1122 4215 nune
1148 4149 1179 4212 V
1193 4147 1332 4233 -gemina

118 4267 295 4330 scribuntur
315 4289 352 4331 ea
371 4268 490 4332 ratione
511 4291 604 4354 quam
625 4269 763 4332 reddidi:
793 4277 902 4331 neutro
930 4288 1004 4330 sane
1031 4264 1126 4328 modo
1153 4284 1217 4325 vox
1238 4284 1331 4347 quam

119 4382 267 4447 sentimus
296 4382 437 4446 efficitur.
486 4382 555 4446 Nec
575 4383 724 4467 inutiliter
742 4384 893 4450 Claudius
914 4381 1077 4448 Aeolicam
1104 4378 1191 4442 illam
1212 4378 1252 4440 ad
1273 4377 1331 4441 hos

118 4518 192 4564 usus
214 4498 334 4564 literam
354 4497 525 4564 adiecerat’
587 4570 589 4574 Α
1009 4543 1014 4548 ·

1119 4594 1134 4656 1
1149 4591 1166 4630 aa
