<?xml version="1.0" encoding="UTF-8"?>
<!DOCTYPE html PUBLIC "-//W3C//DTD XHTML 1.0 Transitional//EN"
    "http://www.w3.org/TR/xhtml1/DTD/xhtml1-transitional.dtd">
<html xmlns="http://www.w3.org/1999/xhtml" xml:lang="en" lang="en">
 <head>
  <title>
</title>
<meta http-equiv="Content-Type" content="text/html;charset=utf-8" />
  <meta name='ocr-system' content='tesseract 3.04.00' />
  <meta name='ocr-capabilities' content='ocr_page ocr_carea ocr_par ocr_line ocrx_word'/>
</head>
<body>
  <div class='ocr_page' id='page_1' title='image "./deticlavdiocaes00buecgoog_0019.png"; bbox 0 0 2902 5122; ppageno 0'>
   <div class='ocr_carea' id='block_1_1' title="bbox 61 448 1374 2035">
    <p class='ocr_par' dir='ltr' id='par_1_1' title="bbox 61 448 1374 997">
     <span class='ocr_line' id='line_1_1' title="bbox 156 448 1374 520; baseline 0.003 -4"><span class='ocrx_word' id='word_1_1' title='bbox 156 450 301 516; x_wconf 89' lang='lat' dir='ltr'>Osanuus</span> <span class='ocrx_word' id='word_1_2' title='bbox 327 449 455 514; x_wconf 89' lang='lat' dir='ltr'>Miscell.</span> <span class='ocrx_word' id='word_1_3' title='bbox 484 450 549 513; x_wconf 90' lang='lat' dir='ltr'>erit.</span> <span class='ocrx_word' id='word_1_4' title='bbox 577 450 624 514; x_wconf 91' lang='lat' dir='ltr'>ed.</span> <span class='ocrx_word' id='word_1_5' title='bbox 649 450 803 515; x_wconf 85' lang='lat' dir='ltr'>Friedem.</span> <span class='ocrx_word' id='word_1_6' title='bbox 825 453 853 515; x_wconf 73' lang='lat' dir='ltr'>e</span> <span class='ocrx_word' id='word_1_7' title='bbox 874 448 1006 516; x_wconf 84' lang='lat' dir='ltr'>Seebod.</span> <span class='ocrx_word' id='word_1_8' title='bbox 1034 453 1096 517; x_wconf 88' lang='lat' dir='ltr'>vol.</span> <span class='ocrx_word' id='word_1_9' title='bbox 1118 453 1136 516; x_wconf 93' lang='lat' dir='ltr'>I</span> <span class='ocrx_word' id='word_1_10' title='bbox 1156 453 1229 517; x_wconf 83' lang='lat' dir='ltr'>fasc.</span> <span class='ocrx_word' id='word_1_11' title='bbox 1253 455 1269 517; x_wconf 92' lang='lat'>1</span> <span class='ocrx_word' id='word_1_12' title='bbox 1293 477 1326 519; x_wconf 89' lang='lat' dir='ltr'>u.</span> <span class='ocrx_word' id='word_1_13' title='bbox 1353 458 1374 520; x_wconf 79' lang='lat'><strong>7</strong></span> 
     </span>
     <span class='ocr_line' id='line_1_2' title="bbox 155 554 1374 652; baseline 0.005 -24"><span class='ocrx_word' id='word_1_14' title='bbox 155 587 185 651; x_wconf 91' lang='lat' dir='ltr'>p.</span> <span class='ocrx_word' id='word_1_15' title='bbox 209 565 248 647; x_wconf 86' lang='lat'>83</span> <span class='ocrx_word' id='word_1_16' title='bbox 270 574 301 629; x_wconf 88' lang='lat' dir='ltr'>et</span> <span class='ocrx_word' id='word_1_17' title='bbox 320 565 474 630; x_wconf 79' lang='lat' dir='ltr'>Anecdot.</span> <span class='ocrx_word' id='word_1_18' title='bbox 496 565 587 630; x_wconf 91' lang='lat' dir='ltr'>Rom.</span> <span class='ocrx_word' id='word_1_19' title='bbox 609 588 639 652; x_wconf 90' lang='lat' dir='ltr'>p.</span> <span class='ocrx_word' id='word_1_20' title='bbox 663 567 723 630; x_wconf 78' lang='lat'>159</span> <span class='ocrx_word' id='word_1_21' title='bbox 752 566 919 631; x_wconf 83' lang='lat' dir='ltr'>sententiae</span> <span class='ocrx_word' id='word_1_22' title='bbox 944 590 963 630; x_wconf 90' lang='lat' dir='ltr'>a</span> <span class='ocrx_word' id='word_1_23' title='bbox 990 554 1182 632; x_wconf 84' lang='lat' dir='ltr'>Schneidero</span> <span class='ocrx_word' id='word_1_24' title='bbox 1210 568 1252 632; x_wconf 89' lang='lat' dir='ltr'>de</span> <span class='ocrx_word' id='word_1_25' title='bbox 1277 568 1374 634; x_wconf 92' lang='lat' dir='ltr'>huius</span> 
     </span>
     <span class='ocr_line' id='line_1_3' title="bbox 155 678 1374 769; baseline 0.007 -27"><span class='ocrx_word' id='word_1_26' title='bbox 155 679 261 744; x_wconf 91' lang='lat' dir='ltr'>literae</span> <span class='ocrx_word' id='word_1_27' title='bbox 288 678 414 744; x_wconf 89' lang='lat' dir='ltr'>nomine</span> <span class='ocrx_word' id='word_1_28' title='bbox 434 680 596 765; x_wconf 88' lang='lat' dir='ltr'>figuraque</span> <span class='ocrx_word' id='word_1_29' title='bbox 624 690 748 767; x_wconf 90' lang='lat' dir='ltr'>apertae</span> <span class='ocrx_word' id='word_1_30' title='bbox 767 681 972 766; x_wconf 81' lang='lat' dir='ltr'>patrocinium</span> <span class='ocrx_word' id='word_1_31' title='bbox 992 683 1138 769; x_wconf 79' lang='lat' dir='ltr'><strong>suscepit,</strong></span> <span class='ocrx_word' id='word_1_32' title='bbox 1161 705 1233 747; x_wconf 90' lang='lat' dir='ltr'>nam</span> <span class='ocrx_word' id='word_1_33' title='bbox 1252 685 1374 752; x_wconf 84' lang='lat' dir='ltr'>multae</span> 
     </span>
     <span class='ocr_line' id='line_1_4' title="bbox 154 794 1373 884; baseline 0.005 -26"><span class='ocrx_word' id='word_1_34' title='bbox 154 795 287 860; x_wconf 87' lang='lat' dir='ltr'>rationes</span> <span class='ocrx_word' id='word_1_35' title='bbox 313 794 406 858; x_wconf 86' lang='lat' dir='ltr'>simul</span> <span class='ocrx_word' id='word_1_36' title='bbox 433 804 620 860; x_wconf 90' lang='lat' dir='ltr'>concurrunt</span> <span class='ocrx_word' id='word_1_37' title='bbox 647 796 757 881; x_wconf 89' lang='lat' dir='ltr'>quibus</span> <span class='ocrx_word' id='word_1_38' title='bbox 784 795 908 860; x_wconf 88' lang='lat' dir='ltr'>Kreblii</span> <span class='ocrx_word' id='word_1_39' title='bbox 934 796 1037 883; x_wconf 91' lang='lat' dir='ltr'>opinio</span> <span class='ocrx_word' id='word_1_40' title='bbox 1065 797 1279 884; x_wconf 77' lang='lat' dir='ltr'>redarguatur.</span> <span class='ocrx_word' id='word_1_41' title='bbox 1322 799 1373 868; x_wconf 89' lang='lat' dir='ltr'>Ut</span> 
     </span>
     <span class='ocr_line' id='line_1_5' title="bbox 61 908 1372 997; baseline 0.003 -24"><span class='ocrx_word' id='word_1_42' title='bbox 61 963 67 973; x_wconf 83' lang='lat'>.</span> <span class='ocrx_word' id='word_1_43' title='bbox 153 910 299 996; x_wconf 89' lang='lat' dir='ltr'>graviora</span> <span class='ocrx_word' id='word_1_44' title='bbox 318 918 438 975; x_wconf 86' lang='lat' dir='ltr'>tantum</span> <span class='ocrx_word' id='word_1_45' title='bbox 464 933 656 992; x_wconf 78' lang='lat' dir='ltr'>recenseam,</span> <span class='ocrx_word' id='word_1_46' title='bbox 681 912 816 997; x_wconf 87' lang='lat' dir='ltr'>primum</span> <span class='ocrx_word' id='word_1_47' title='bbox 844 908 1000 991; x_wconf 76' lang='grc' dir='ltr'><strong><em>ἆντίσιμος</em></strong></span> <span class='ocrx_word' id='word_1_48' title='bbox 1026 911 1213 976; x_wconf 87' lang='lat' dir='ltr'>vocabulum</span> <span class='ocrx_word' id='word_1_49' title='bbox 1240 935 1312 976; x_wconf 89' lang='lat' dir='ltr'>cum</span> <span class='ocrx_word' id='word_1_50' title='bbox 1333 915 1372 977; x_wconf 92' lang='lat' dir='ltr'>in</span> 
     </span>
    </p>

    <p class='ocr_par' dir='ltr' id='par_1_2' title="bbox 108 1025 1370 2035">
     <span class='ocr_line' id='line_1_6' title="bbox 108 1025 1370 1122; baseline 0.005 -34"><span class='ocrx_word' id='word_1_51' title='bbox 108 1114 110 1122; x_wconf 20' lang='grc' dir='ltr'><strong><em>Α</em></strong></span> <span class='ocrx_word' id='word_1_52' title='bbox 153 1025 312 1091; x_wconf 89' lang='lat' dir='ltr'>literarum</span> <span class='ocrx_word' id='word_1_53' title='bbox 332 1026 538 1090; x_wconf 86' lang='lat' dir='ltr'>monumentis</span> <span class='ocrx_word' id='word_1_54' title='bbox 559 1047 624 1089; x_wconf 90' lang='lat' dir='ltr'>non</span> <span class='ocrx_word' id='word_1_55' title='bbox 644 1027 816 1112; x_wconf 87' lang='lat' dir='ltr'>reperiatur</span> <span class='ocrx_word' id='word_1_56' title='bbox 835 1049 899 1091; x_wconf 91' lang='lat' dir='ltr'>non</span> <span class='ocrx_word' id='word_1_57' title='bbox 913 1028 1036 1092; x_wconf 78' lang='lat' dir='ltr'>videtur</span> <span class='ocrx_word' id='word_1_58' title='bbox 1054 1028 1214 1095; x_wconf 77' lang='lat' dir='ltr'>exstitisse.</span> <span class='ocrx_word' id='word_1_59' title='bbox 1242 1028 1370 1094; x_wconf 86' lang='lat' dir='ltr'>Deinde</span> 
     </span>
     <span class='ocr_line' id='line_1_7' title="bbox 153 1138 1370 1230; baseline 0.003 -26"><span class='ocrx_word' id='word_1_60' title='bbox 153 1148 187 1204; x_wconf 90' lang='lat' dir='ltr'>ut</span> <span class='ocrx_word' id='word_1_61' title='bbox 207 1139 291 1225; x_wconf 91' lang='lat' dir='ltr'>apud</span> <span class='ocrx_word' id='word_1_62' title='bbox 320 1138 460 1205; x_wconf 82' lang='lat' dir='ltr'>Graecos</span> <span class='ocrx_word' id='word_1_63' title='bbox 489 1141 654 1223; x_wconf 82' lang='lat' dir='ltr'>exstiterit,</span> <span class='ocrx_word' id='word_1_64' title='bbox 685 1164 759 1204; x_wconf 92' lang='lat' dir='ltr'>num</span> <span class='ocrx_word' id='word_1_65' title='bbox 785 1142 914 1229; x_wconf 89' lang='lat' dir='ltr'>eogitari</span> <span class='ocrx_word' id='word_1_66' title='bbox 943 1152 1045 1229; x_wconf 90' lang='lat' dir='ltr'>potest</span> <span class='ocrx_word' id='word_1_67' title='bbox 1068 1166 1195 1230; x_wconf 91' lang='lat' dir='ltr'>prorsus</span> <span class='ocrx_word' id='word_1_68' title='bbox 1222 1143 1370 1209; x_wconf 80' lang='lat' dir='ltr'>insolenti</span> 
     </span>
     <span class='ocr_line' id='line_1_8' title="bbox 152 1253 1369 1344; baseline 0.006 -28"><span class='ocrx_word' id='word_1_69' title='bbox 152 1263 183 1316; x_wconf 90' lang='lat' dir='ltr'>et</span> <span class='ocrx_word' id='word_1_70' title='bbox 203 1253 346 1319; x_wconf 89' lang='lat' dir='ltr'>inusitato</span> <span class='ocrx_word' id='word_1_71' title='bbox 369 1256 465 1320; x_wconf 79' lang='lat' dir='ltr'>verbo</span> <span class='ocrx_word' id='word_1_72' title='bbox 496 1278 563 1320; x_wconf 89' lang='lat' dir='ltr'>eam</span> <span class='ocrx_word' id='word_1_73' title='bbox 586 1256 752 1322; x_wconf 82' lang='lat' dir='ltr'>Claudium</span> <span class='ocrx_word' id='word_1_74' title='bbox 782 1257 902 1321; x_wconf 88' lang='lat' dir='ltr'>literam</span> <span class='ocrx_word' id='word_1_75' title='bbox 923 1258 1110 1344; x_wconf 89' lang='lat' dir='ltr'>significasse</span> <span class='ocrx_word' id='word_1_76' title='bbox 1132 1280 1225 1344; x_wconf 90' lang='lat' dir='ltr'>quam</span> <span class='ocrx_word' id='word_1_77' title='bbox 1245 1259 1278 1320; x_wconf 91' lang='lat' dir='ltr'>in</span> <span class='ocrx_word' id='word_1_78' title='bbox 1298 1259 1369 1323; x_wconf 86' lang='lat' dir='ltr'>vul-</span> 
     </span>
     <span class='ocr_line' id='line_1_9' title="bbox 151 1367 1369 1460; baseline 0.005 -27"><span class='ocrx_word' id='word_1_79' title='bbox 151 1368 220 1455; x_wconf 89' lang='lat' dir='ltr'>gari</span> <span class='ocrx_word' id='word_1_80' title='bbox 241 1391 307 1434; x_wconf 89' lang='lat' dir='ltr'>esse</span> <span class='ocrx_word' id='word_1_81' title='bbox 329 1393 386 1435; x_wconf 85' lang='lat' dir='ltr'>usu</span> <span class='ocrx_word' id='word_1_82' title='bbox 400 1371 556 1436; x_wconf 80' lang='lat' dir='ltr'>voluerit?</span> <span class='ocrx_word' id='word_1_83' title='bbox 577 1370 660 1436; x_wconf 84' lang='lat' dir='ltr'>Tum</span> <span class='ocrx_word' id='word_1_84' title='bbox 674 1371 759 1458; x_wconf 91' lang='lat' dir='ltr'>quod</span> <span class='ocrx_word' id='word_1_85' title='bbox 780 1376 853 1459; x_wconf 79' lang='lat' dir='ltr'>‘per</span> <span class='ocrx_word' id='word_1_86' title='bbox 874 1370 982 1438; x_wconf 86' lang='lat' dir='ltr'>vocem</span> <span class='ocrx_word' id='word_1_87' title='bbox 997 1367 1083 1452; x_wconf 77' lang='grc' dir='ltr'><strong><em>σιμὸς</em></strong></span> <span class='ocrx_word' id='word_1_88' title='bbox 1096 1372 1228 1460; x_wconf 83' lang='lat' dir='ltr'>intelligi</span> <span class='ocrx_word' id='word_1_89' title='bbox 1241 1374 1369 1460; x_wconf 89' lang='lat' dir='ltr'>signum</span> 
     </span>
     <span class='ocr_line' id='line_1_10' title="bbox 152 1485 1368 1554; baseline 0.005 -6"><span class='ocrx_word' id='word_1_90' title='bbox 152 1485 203 1549; x_wconf 90' lang='lat' dir='ltr'>vel</span> <span class='ocrx_word' id='word_1_91' title='bbox 224 1485 433 1551; x_wconf 87' lang='lat' dir='ltr'>characterem</span> <span class='ocrx_word' id='word_1_92' title='bbox 459 1487 533 1552; x_wconf 81' lang='lat' dir='ltr'>siva.</span> <span class='ocrx_word' id='word_1_93' title='bbox 552 1497 656 1554; x_wconf 89' lang='lat' dir='ltr'>notam</span> <span class='ocrx_word' id='word_1_94' title='bbox 685 1487 811 1554; x_wconf 89' lang='lat' dir='ltr'>lunulae</span> <span class='ocrx_word' id='word_1_95' title='bbox 837 1490 969 1554; x_wconf 86' lang='lat' dir='ltr'>formam</span> <span class='ocrx_word' id='word_1_96' title='bbox 989 1488 1189 1553; x_wconf 85' lang='lat' dir='ltr'>referentem&#39;</span> <span class='ocrx_word' id='word_1_97' title='bbox 1214 1487 1368 1554; x_wconf 87' lang='lat' dir='ltr'>Krehlius</span> 
     </span>
     <span class='ocr_line' id='line_1_11' title="bbox 151 1599 1367 1689; baseline 0.004 -26"><span class='ocrx_word' id='word_1_98' title='bbox 151 1599 230 1664; x_wconf 85' lang='lat' dir='ltr'>dixit</span> <span class='ocrx_word' id='word_1_99' title='bbox 256 1601 289 1665; x_wconf 91' lang='lat' dir='ltr'>id</span> <span class='ocrx_word' id='word_1_100' title='bbox 317 1603 495 1689; x_wconf 87' lang='lat' dir='ltr'>neutiquam</span> <span class='ocrx_word' id='word_1_101' title='bbox 524 1624 633 1668; x_wconf 87' lang='lat' dir='ltr'>verum</span> <span class='ocrx_word' id='word_1_102' title='bbox 671 1612 717 1667; x_wconf 88' lang='lat' dir='ltr'>est</span> <span class='ocrx_word' id='word_1_103' title='bbox 750 1624 851 1688; x_wconf 90' lang='lat' dir='ltr'>neque</span> <span class='ocrx_word' id='word_1_104' title='bbox 885 1601 1025 1682; x_wconf 75' lang='grc' dir='ltr'><strong><em>ἆντίσιμα</em></strong></span> <span class='ocrx_word' id='word_1_105' title='bbox 1058 1612 1130 1667; x_wconf 90' lang='lat' dir='ltr'>sunt</span> <span class='ocrx_word' id='word_1_106' title='bbox 1157 1604 1367 1669; x_wconf 56' lang='lat' dir='ltr'>‘characteres</span> 
     </span>
     <span class='ocr_line' id='line_1_12' title="bbox 150 1714 1368 1803; baseline 0.005 -25"><span class='ocrx_word' id='word_1_107' title='bbox 150 1714 266 1779; x_wconf 84' lang='lat' dir='ltr'>lunati’</span> <span class='ocrx_word' id='word_1_108' title='bbox 299 1715 420 1794; x_wconf 80' lang='lat' dir='ltr'>Quibus</span> <span class='ocrx_word' id='word_1_109' title='bbox 441 1719 630 1803; x_wconf 87' lang='lat' dir='ltr'>argumentis</span> <span class='ocrx_word' id='word_1_110' title='bbox 651 1718 711 1783; x_wconf 87' lang='lat' dir='ltr'>alia</span> <span class='ocrx_word' id='word_1_111' title='bbox 726 1718 870 1784; x_wconf 87' lang='lat' dir='ltr'>Osannus</span> <span class='ocrx_word' id='word_1_112' title='bbox 885 1727 915 1782; x_wconf 88' lang='lat' dir='ltr'>et</span> <span class='ocrx_word' id='word_1_113' title='bbox 930 1718 983 1803; x_wconf 91' lang='lat' dir='ltr'>qui</span> <span class='ocrx_word' id='word_1_114' title='bbox 996 1717 1200 1782; x_wconf 90' lang='lat' dir='ltr'>Krehlianam</span> <span class='ocrx_word' id='word_1_115' title='bbox 1213 1718 1368 1789; x_wconf 82' lang='lat' dir='ltr'>Prisciani</span> 
     </span>
     <span class='ocr_line' id='line_1_13' title="bbox 151 1830 1366 1920; baseline 0.006 -26"><span class='ocrx_word' id='word_1_116' title='bbox 151 1830 316 1896; x_wconf 88' lang='lat' dir='ltr'>editionem</span> <span class='ocrx_word' id='word_1_117' title='bbox 342 1832 375 1894; x_wconf 90' lang='lat' dir='ltr'>in</span> <span class='ocrx_word' id='word_1_118' title='bbox 402 1831 542 1920; x_wconf 86' lang='lat' dir='ltr'>prem.-</span> <span class='ocrx_word' id='word_1_119' title='bbox 562 1834 606 1898; x_wconf 89' lang='lat' dir='ltr'>lit.</span> <span class='ocrx_word' id='word_1_120' title='bbox 635 1834 703 1899; x_wconf 88' lang='lat' dir='ltr'>Ien.</span> <span class='ocrx_word' id='word_1_121' title='bbox 734 1835 816 1898; x_wconf 76' lang='lat'>1822</span> <span class='ocrx_word' id='word_1_122' title='bbox 843 1857 874 1897; x_wconf 90' lang='lat' dir='ltr'>n.</span> <span class='ocrx_word' id='word_1_123' title='bbox 896 1835 957 1899; x_wconf 79' lang='lat'>236</span> <span class='ocrx_word' id='word_1_124' title='bbox 978 1857 1008 1920; x_wconf 93' lang='lat' dir='ltr'>p.</span> <span class='ocrx_word' id='word_1_125' title='bbox 1030 1835 1092 1899; x_wconf 80' lang='lat'>429</span> <span class='ocrx_word' id='word_1_126' title='bbox 1113 1834 1258 1899; x_wconf 82' lang='lat' dir='ltr'>iudicavit</span> <span class='ocrx_word' id='word_1_127' title='bbox 1278 1836 1366 1901; x_wconf 82' lang='lat' dir='ltr'>addi·</span> 
     </span>
     <span class='ocr_line' id='line_1_14' title="bbox 150 1945 1365 2035; baseline 0.004 -25"><span class='ocrx_word' id='word_1_128' title='bbox 150 1945 271 2010; x_wconf 90' lang='lat' dir='ltr'>derunt.</span> <span class='ocrx_word' id='word_1_129' title='bbox 315 1946 405 2025; x_wconf 81' lang='lat' dir='ltr'>Quae</span> <span class='ocrx_word' id='word_1_130' title='bbox 427 1972 499 2014; x_wconf 89' lang='lat' dir='ltr'>cum</span> <span class='ocrx_word' id='word_1_131' title='bbox 518 1949 561 2013; x_wconf 88' lang='lat' dir='ltr'>ita</span> <span class='ocrx_word' id='word_1_132' title='bbox 581 1948 642 2014; x_wconf 90' lang='lat' dir='ltr'>sint</span> <span class='ocrx_word' id='word_1_133' title='bbox 664 1947 778 2035; x_wconf 88' lang='lat' dir='ltr'>optimo</span> <span class='ocrx_word' id='word_1_134' title='bbox 798 1949 838 2012; x_wconf 92' lang='lat' dir='ltr'>ad</span> <span class='ocrx_word' id='word_1_135' title='bbox 861 1947 1047 2015; x_wconf 82' lang='lat' dir='ltr'>Schneideri</span> <span class='ocrx_word' id='word_1_136' title='bbox 1074 1950 1280 2015; x_wconf 89' lang='lat' dir='ltr'>coniecturam</span> <span class='ocrx_word' id='word_1_137' title='bbox 1305 1972 1365 2015; x_wconf 88' lang='lat' dir='ltr'>nos</span> 
     </span>
    </p>
   </div>
   <div class='ocr_carea' id='block_1_2' title="bbox 147 2062 1365 2382">
    <p class='ocr_par' dir='ltr' id='par_1_3' title="bbox 147 2062 1365 2382">
     <span class='ocr_line' id='line_1_15' title="bbox 149 2062 1365 2150; baseline 0.002 -22"><span class='ocrx_word' id='word_1_138' title='bbox 149 2065 356 2129; x_wconf 87' lang='lat' dir='ltr'>rettulerimus</span> <span class='ocrx_word' id='word_1_139' title='bbox 383 2086 444 2150; x_wconf 86' lang='lat' dir='ltr'>qua</span> <span class='ocrx_word' id='word_1_140' title='bbox 470 2063 620 2128; x_wconf 88' lang='lat' dir='ltr'>Prisciani</span> <span class='ocrx_word' id='word_1_141' title='bbox 649 2063 744 2127; x_wconf 91' lang='lat' dir='ltr'>verba</span> <span class='ocrx_word' id='word_1_142' title='bbox 771 2063 816 2127; x_wconf 89' lang='lat' dir='ltr'>sie</span> <span class='ocrx_word' id='word_1_143' title='bbox 842 2062 1017 2129; x_wconf 85' lang='lat' dir='ltr'>emendavit</span> <span class='ocrx_word' id='word_1_144' title='bbox 1044 2064 1222 2149; x_wconf 82' lang='lat' dir='ltr'>‘antisigma</span> <span class='ocrx_word' id='word_1_145' title='bbox 1247 2063 1275 2129; x_wconf 85' lang='grc' dir='ltr'><strong>Ο</strong></span> <span class='ocrx_word' id='word_1_146' title='bbox 1304 2065 1365 2130; x_wconf 85' lang='lat' dir='ltr'>hae</span> 
     </span>
     <span class='ocr_line' id='line_1_16' title="bbox 147 2178 1365 2267; baseline 0.002 -25"><span class='ocrx_word' id='word_1_147' title='bbox 147 2179 268 2266; x_wconf 62' lang='lat' dir='ltr'>figura.²</span> <span class='ocrx_word' id='word_1_148' title='bbox 309 2179 392 2244; x_wconf 88' lang='lat' dir='ltr'>Nam</span> <span class='ocrx_word' id='word_1_149' title='bbox 420 2180 505 2266; x_wconf 87' lang='lat' dir='ltr'>quod</span> <span class='ocrx_word' id='word_1_150' title='bbox 531 2180 563 2242; x_wconf 90' lang='lat' dir='ltr'>in</span> <span class='ocrx_word' id='word_1_151' title='bbox 591 2178 730 2265; x_wconf 90' lang='lat' dir='ltr'>plurimis</span> <span class='ocrx_word' id='word_1_152' title='bbox 762 2179 849 2244; x_wconf 89' lang='lat' dir='ltr'>libris</span> <span class='ocrx_word' id='word_1_153' title='bbox 877 2180 979 2267; x_wconf 91' lang='lat' dir='ltr'>ipsum</span> <span class='ocrx_word' id='word_1_154' title='bbox 1008 2179 1200 2266; x_wconf 85' lang='lat' dir='ltr'>‘antisigma’</span> <span class='ocrx_word' id='word_1_155' title='bbox 1232 2179 1365 2245; x_wconf 85' lang='lat' dir='ltr'>verbum</span> 
     </span>
     <span class='ocr_line' id='line_1_17' title="bbox 148 2281 1364 2382; baseline 0 -24"><span class='ocrx_word' id='word_1_156' title='bbox 148 2316 212 2359; x_wconf 87' lang='lat' dir='ltr'>non</span> <span class='ocrx_word' id='word_1_157' title='bbox 234 2296 375 2361; x_wconf 88' lang='lat' dir='ltr'>distincte</span> <span class='ocrx_word' id='word_1_158' title='bbox 402 2317 582 2382; x_wconf 83' lang='lat' dir='ltr'>expressum</span> <span class='ocrx_word' id='word_1_159' title='bbox 609 2294 724 2380; x_wconf 87' lang='lat' dir='ltr'>legitur</span> <span class='ocrx_word' id='word_1_160' title='bbox 747 2281 783 2358; x_wconf 87' lang='lat' dir='ltr'>id</span> <span class='ocrx_word' id='word_1_161' title='bbox 809 2295 987 2359; x_wconf 88' lang='lat' dir='ltr'>habendum</span> <span class='ocrx_word' id='word_1_162' title='bbox 1014 2317 1073 2380; x_wconf 89' lang='lat' dir='ltr'>pre</span> <span class='ocrx_word' id='word_1_163' title='bbox 1100 2294 1197 2358; x_wconf 90' lang='lat' dir='ltr'>nihilo</span> <span class='ocrx_word' id='word_1_164' title='bbox 1219 2301 1265 2358; x_wconf 90' lang='lat' dir='ltr'>est</span> <span class='ocrx_word' id='word_1_165' title='bbox 1286 2315 1364 2378; x_wconf 90' lang='lat' dir='ltr'>quo-</span> 
     </span>
    </p>
   </div>
   <div class='ocr_carea' id='block_1_3' title="bbox 106 2409 1423 4576">
    <p class='ocr_par' dir='ltr' id='par_1_4' title="bbox 106 2409 1423 4576">
     <span class='ocr_line' id='line_1_18' title="bbox 147 2409 1363 2497; baseline 0.002 -25"><span class='ocrx_word' id='word_1_166' title='bbox 147 2409 232 2473; x_wconf 90' lang='lat' dir='ltr'>niam</span> <span class='ocrx_word' id='word_1_167' title='bbox 259 2409 400 2472; x_wconf 84' lang='lat' dir='ltr'>‘simma&#39;</span> <span class='ocrx_word' id='word_1_168' title='bbox 428 2411 611 2497; x_wconf 87' lang='lat' dir='ltr'>scripturam</span> <span class='ocrx_word' id='word_1_169' title='bbox 642 2432 700 2496; x_wconf 91' lang='lat' dir='ltr'>pro</span> <span class='ocrx_word' id='word_1_170' title='bbox 733 2409 863 2495; x_wconf 87' lang='lat' dir='ltr'>‘sigma’</span> <span class='ocrx_word' id='word_1_171' title='bbox 891 2432 969 2474; x_wconf 88' lang='lat' dir='ltr'>voce</span> <span class='ocrx_word' id='word_1_172' title='bbox 995 2432 1052 2496; x_wconf 93' lang='lat' dir='ltr'>per</span> <span class='ocrx_word' id='word_1_173' title='bbox 1082 2410 1219 2475; x_wconf 91' lang='lat' dir='ltr'>medium</span> <span class='ocrx_word' id='word_1_174' title='bbox 1250 2430 1363 2474; x_wconf 84' lang='lat' dir='ltr'>aevum</span> 
     </span>
     <span class='ocr_line' id='line_1_19' title="bbox 146 2524 1362 2613; baseline -0.001 -24"><span class='ocrx_word' id='word_1_175' title='bbox 146 2547 205 2589; x_wconf 90' lang='lat' dir='ltr'>usu</span> <span class='ocrx_word' id='word_1_176' title='bbox 232 2534 389 2612; x_wconf 88' lang='lat' dir='ltr'>receptam</span> <span class='ocrx_word' id='word_1_177' title='bbox 423 2526 516 2592; x_wconf 83' lang='lat' dir='ltr'>fuisse</span> <span class='ocrx_word' id='word_1_178' title='bbox 544 2524 746 2590; x_wconf 85' lang='lat' dir='ltr'>DuFresnius</span> <span class='ocrx_word' id='word_1_179' title='bbox 772 2525 903 2612; x_wconf 90' lang='lat' dir='ltr'>glossar.</span> <span class='ocrx_word' id='word_1_180' title='bbox 933 2526 974 2591; x_wconf 91' lang='lat' dir='ltr'>ad</span> <span class='ocrx_word' id='word_1_181' title='bbox 1002 2526 1104 2613; x_wconf 88' lang='lat' dir='ltr'>script.</span> <span class='ocrx_word' id='word_1_182' title='bbox 1133 2526 1215 2590; x_wconf 87' lang='lat' dir='ltr'>med.</span> <span class='ocrx_word' id='word_1_183' title='bbox 1246 2533 1278 2591; x_wconf 88' lang='lat' dir='ltr'>et</span> <span class='ocrx_word' id='word_1_184' title='bbox 1305 2524 1362 2588; x_wconf 88' lang='lat' dir='ltr'>inf.</span> 
     </span>
     <span class='ocr_line' id='line_1_20' title="bbox 146 2639 1362 2728; baseline 0.002 -24"><span class='ocrx_word' id='word_1_185' title='bbox 146 2639 268 2704; x_wconf 86' lang='lat' dir='ltr'>Latin</span> <span class='ocrx_word' id='word_1_186' title='bbox 292 2666 321 2705; x_wconf 90' lang='lat' dir='ltr'>v.</span> <span class='ocrx_word' id='word_1_187' title='bbox 343 2641 484 2706; x_wconf 80' lang='lat' dir='ltr'>‘simma&#39;</span> <span class='ocrx_word' id='word_1_188' title='bbox 506 2641 646 2706; x_wconf 88' lang='lat' dir='ltr'>ostendit.</span> <span class='ocrx_word' id='word_1_189' title='bbox 689 2640 760 2705; x_wconf 90' lang='lat' dir='ltr'>Hac</span> <span class='ocrx_word' id='word_1_190' title='bbox 787 2662 862 2707; x_wconf 89' lang='lat' dir='ltr'>vero</span> <span class='ocrx_word' id='word_1_191' title='bbox 890 2639 917 2706; x_wconf 86' lang='lat' dir='ltr'>O</span> <span class='ocrx_word' id='word_1_192' title='bbox 946 2642 1048 2728; x_wconf 85' lang='lat' dir='ltr'>figura</span> <span class='ocrx_word' id='word_1_193' title='bbox 1075 2641 1248 2727; x_wconf 89' lang='lat' dir='ltr'>antisigma.</span> <span class='ocrx_word' id='word_1_194' title='bbox 1266 2640 1362 2706; x_wconf 84' lang='lat' dir='ltr'>fuisse</span> 
     </span>
     <span class='ocr_line' id='line_1_21' title="bbox 146 2756 1360 2843; baseline 0 -22"><span class='ocrx_word' id='word_1_195' title='bbox 146 2766 181 2821; x_wconf 88' lang='lat' dir='ltr'>ut</span> <span class='ocrx_word' id='word_1_196' title='bbox 200 2778 240 2822; x_wconf 86' lang='lat' dir='ltr'>ex</span> <span class='ocrx_word' id='word_1_197' title='bbox 261 2756 384 2822; x_wconf 85' lang='lat' dir='ltr'>Isidoro</span> <span class='ocrx_word' id='word_1_198' title='bbox 409 2757 538 2842; x_wconf 88' lang='lat' dir='ltr'>aliisque</span> <span class='ocrx_word' id='word_1_199' title='bbox 558 2756 738 2822; x_wconf 88' lang='lat' dir='ltr'>testimoniis</span> <span class='ocrx_word' id='word_1_200' title='bbox 767 2777 846 2841; x_wconf 90' lang='lat' dir='ltr'>quae</span> <span class='ocrx_word' id='word_1_201' title='bbox 872 2767 1111 2822; x_wconf 89' lang='lat' dir='ltr'>commemorata</span> <span class='ocrx_word' id='word_1_202' title='bbox 1137 2757 1249 2821; x_wconf 87' lang='lat' dir='ltr'>videsis</span> <span class='ocrx_word' id='word_1_203' title='bbox 1277 2757 1360 2843; x_wconf 91' lang='lat' dir='ltr'>apud</span> 
     </span>
     <span class='ocr_line' id='line_1_22' title="bbox 146 2870 1358 2959; baseline 0.002 -22"><span class='ocrx_word' id='word_1_204' title='bbox 146 2871 310 2946; x_wconf 85' lang='lat' dir='ltr'>Osannum</span> <span class='ocrx_word' id='word_1_205' title='bbox 336 2872 458 2936; x_wconf 88' lang='lat' dir='ltr'>Anecd.</span> <span class='ocrx_word' id='word_1_206' title='bbox 489 2872 580 2937; x_wconf 84' lang='lat' dir='ltr'>Rom.</span> <span class='ocrx_word' id='word_1_207' title='bbox 607 2894 637 2957; x_wconf 93' lang='lat' dir='ltr'>p.</span> <span class='ocrx_word' id='word_1_208' title='bbox 665 2872 725 2937; x_wconf 77' lang='lat'>157</span> <span class='ocrx_word' id='word_1_209' title='bbox 753 2871 795 2935; x_wconf 89' lang='lat' dir='ltr'>ita</span> <span class='ocrx_word' id='word_1_210' title='bbox 823 2893 864 2936; x_wconf 80' lang='lat' dir='ltr'>ex</span> <span class='ocrx_word' id='word_1_211' title='bbox 891 2872 958 2958; x_wconf 91' lang='lat' dir='ltr'>ipso</span> <span class='ocrx_word' id='word_1_212' title='bbox 979 2881 1106 2959; x_wconf 89' lang='lat' dir='ltr'>apparet</span> <span class='ocrx_word' id='word_1_213' title='bbox 1130 2872 1264 2936; x_wconf 90' lang='lat' dir='ltr'>nomine.</span> <span class='ocrx_word' id='word_1_214' title='bbox 1307 2870 1358 2939; x_wconf 80' lang='lat'>00</span> 
     </span>
     <span class='ocr_line' id='line_1_23' title="bbox 145 2986 1360 3074; baseline 0.003 -25"><span class='ocrx_word' id='word_1_215' title='bbox 145 2997 249 3052; x_wconf 89' lang='lat' dir='ltr'>autem</span> <span class='ocrx_word' id='word_1_216' title='bbox 269 2995 343 3051; x_wconf 87' lang='lat' dir='ltr'>nota</span> <span class='ocrx_word' id='word_1_217' title='bbox 364 2987 624 3072; x_wconf 83' lang='lat' dir='ltr'>quemadmodum</span> <span class='ocrx_word' id='word_1_218' title='bbox 651 2986 684 3051; x_wconf 92' lang='lat' dir='ltr'>in</span> <span class='ocrx_word' id='word_1_219' title='bbox 709 2987 860 3052; x_wconf 90' lang='lat' dir='ltr'>Prisciani</span> <span class='ocrx_word' id='word_1_220' title='bbox 888 2987 1059 3054; x_wconf 90' lang='lat' dir='ltr'>orationem</span> <span class='ocrx_word' id='word_1_221' title='bbox 1083 2989 1247 3074; x_wconf 89' lang='lat' dir='ltr'>inrepserit</span> <span class='ocrx_word' id='word_1_222' title='bbox 1270 2987 1360 3053; x_wconf 86' lang='lat' dir='ltr'>facile</span> 
     </span>
     <span class='ocr_line' id='line_1_24' title="bbox 145 3101 1359 3190; baseline 0.002 -24"><span class='ocrx_word' id='word_1_223' title='bbox 145 3103 336 3189; x_wconf 89' lang='lat' dir='ltr'>perspicitur.</span> <span class='ocrx_word' id='word_1_224' title='bbox 358 3101 404 3169; x_wconf 88' lang='lat' dir='ltr'>Ut</span> <span class='ocrx_word' id='word_1_225' title='bbox 424 3103 507 3166; x_wconf 91' lang='lat' dir='ltr'>enim</span> <span class='ocrx_word' id='word_1_226' title='bbox 524 3103 688 3190; x_wconf 89' lang='lat' dir='ltr'>antisigma</span> <span class='ocrx_word' id='word_1_227' title='bbox 703 3104 906 3190; x_wconf 88' lang='lat' dir='ltr'>explanarent</span> <span class='ocrx_word' id='word_1_228' title='bbox 926 3104 1026 3190; x_wconf 91' lang='lat' dir='ltr'>sigma</span> <span class='ocrx_word' id='word_1_229' title='bbox 1040 3125 1107 3169; x_wconf 90' lang='lat' dir='ltr'>esse</span> <span class='ocrx_word' id='word_1_230' title='bbox 1127 3105 1159 3166; x_wconf 91' lang='lat' dir='ltr'>in</span> <span class='ocrx_word' id='word_1_231' title='bbox 1175 3103 1359 3168; x_wconf 72' lang='lat' dir='ltr'>corbariam</span> 
     </span>
     <span class='ocr_line' id='line_1_25' title="bbox 106 3216 1360 3306; baseline 0.002 -26"><span class='ocrx_word' id='word_1_232' title='bbox 106 3263 107 3268; x_wconf 19' lang='grc' dir='ltr'>η</span> <span class='ocrx_word' id='word_1_233' title='bbox 144 3225 264 3304; x_wconf 91' lang='lat' dir='ltr'>partem</span> <span class='ocrx_word' id='word_1_234' title='bbox 284 3238 423 3299; x_wconf 86' lang='lat' dir='ltr'>versum,</span> <span class='ocrx_word' id='word_1_235' title='bbox 449 3216 476 3283; x_wconf 84' lang='grc' dir='ltr'>Ο</span> <span class='ocrx_word' id='word_1_236' title='bbox 498 3219 619 3305; x_wconf 89' lang='lat' dir='ltr'>figurae</span> <span class='ocrx_word' id='word_1_237' title='bbox 639 3219 868 3306; x_wconf 90' lang='lat' dir='ltr'>adscripserunt</span> <span class='ocrx_word' id='word_1_238' title='bbox 888 3218 915 3284; x_wconf 81' lang='grc' dir='ltr'>Ο</span> <span class='ocrx_word' id='word_1_239' title='bbox 936 3218 1050 3304; x_wconf 86' lang='lat' dir='ltr'>sigma,</span> <span class='ocrx_word' id='word_1_240' title='bbox 1078 3239 1157 3304; x_wconf 90' lang='lat' dir='ltr'>quae</span> <span class='ocrx_word' id='word_1_241' title='bbox 1178 3229 1270 3285; x_wconf 90' lang='lat' dir='ltr'>uotae</span> <span class='ocrx_word' id='word_1_242' title='bbox 1290 3228 1360 3306; x_wconf 88' lang='lat' dir='ltr'>post</span> 
     </span>
     <span class='ocr_line' id='line_1_26' title="bbox 144 3332 1359 3421; baseline 0.003 -24"><span class='ocrx_word' id='word_1_243' title='bbox 144 3334 177 3397; x_wconf 93' lang='lat' dir='ltr'>in</span> <span class='ocrx_word' id='word_1_244' title='bbox 197 3356 292 3398; x_wconf 90' lang='lat' dir='ltr'>unam</span> <span class='ocrx_word' id='word_1_245' title='bbox 313 3333 366 3400; x_wconf 80' lang='lat'>00</span> <span class='ocrx_word' id='word_1_246' title='bbox 390 3334 477 3420; x_wconf 65' lang='lat' dir='ltr'>(ll-O</span> <span class='ocrx_word' id='word_1_247' title='bbox 498 3334 568 3402; x_wconf 78' lang='grc' dir='ltr'>0νο</span> <span class='ocrx_word' id='word_1_248' title='bbox 586 3333 643 3421; x_wconf 67' lang='grc' dir='ltr'>ίῐὶ)</span> <span class='ocrx_word' id='word_1_249' title='bbox 664 3333 941 3399; x_wconf 85' lang='lat' dir='ltr'>confundebantur.</span> <span class='ocrx_word' id='word_1_250' title='bbox 976 3332 1123 3399; x_wconf 85' lang='lat' dir='ltr'>Ceterum</span> <span class='ocrx_word' id='word_1_251' title='bbox 1140 3358 1195 3400; x_wconf 90' lang='lat' dir='ltr'>eur</span> <span class='ocrx_word' id='word_1_252' title='bbox 1215 3334 1359 3401; x_wconf 65' lang='lat' dir='ltr'>uerae</span> 
     </span>
     <span class='ocr_line' id='line_1_27' title="bbox 146 3449 1359 3537; baseline -0.001 -23"><span class='ocrx_word' id='word_1_253' title='bbox 146 3473 215 3514; x_wconf 88' lang='lat' dir='ltr'>cam</span> <span class='ocrx_word' id='word_1_254' title='bbox 237 3449 385 3516; x_wconf 85' lang='lat' dir='ltr'>Olaudius</span> <span class='ocrx_word' id='word_1_255' title='bbox 406 3473 469 3515; x_wconf 89' lang='lat' dir='ltr'>non</span> <span class='ocrx_word' id='word_1_256' title='bbox 496 3450 664 3515; x_wconf 84' lang='lat' dir='ltr'>servaverit</span> <span class='ocrx_word' id='word_1_257' title='bbox 693 3449 818 3514; x_wconf 88' lang='lat' dir='ltr'>difficile</span> <span class='ocrx_word' id='word_1_258' title='bbox 845 3449 971 3534; x_wconf 91' lang='lat' dir='ltr'>quidem</span> <span class='ocrx_word' id='word_1_259' title='bbox 996 3449 1037 3514; x_wconf 91' lang='lat' dir='ltr'>ad</span> <span class='ocrx_word' id='word_1_260' title='bbox 1066 3450 1277 3537; x_wconf 88' lang='lat' dir='ltr'>indagandum</span> <span class='ocrx_word' id='word_1_261' title='bbox 1304 3459 1359 3531; x_wconf 84' lang='lat' dir='ltr'>est,</span> 
     </span>
     <span class='ocr_line' id='line_1_28' title="bbox 144 3563 1359 3662; baseline -0.002 -34"><span class='ocrx_word' id='word_1_262' title='bbox 144 3575 248 3630; x_wconf 87' lang='lat' dir='ltr'>tamen</span> <span class='ocrx_word' id='word_1_263' title='bbox 276 3566 359 3630; x_wconf 90' lang='lat' dir='ltr'>haud</span> <span class='ocrx_word' id='word_1_264' title='bbox 393 3565 527 3631; x_wconf 88' lang='lat' dir='ltr'>absurde</span> <span class='ocrx_word' id='word_1_265' title='bbox 561 3563 715 3630; x_wconf 86' lang='lat' dir='ltr'>existimes</span> <span class='ocrx_word' id='word_1_266' title='bbox 750 3565 909 3630; x_wconf 86' lang='lat' dir='ltr'>affectasse</span> <span class='ocrx_word' id='word_1_267' title='bbox 944 3572 1015 3630; x_wconf 84' lang='lat' dir='ltr'>eum</span> <span class='ocrx_word' id='word_1_268' title='bbox 1048 3565 1075 3630; x_wconf 85' lang='lat'>0</span> <span class='ocrx_word' id='word_1_269' title='bbox 1110 3567 1213 3662; x_wconf 28' lang='lat' dir='ltr'>litera·</span> <span class='ocrx_word' id='word_1_270' title='bbox 1231 3565 1359 3632; x_wconf 87' lang='lat' dir='ltr'>inducta</span> 
     </span>
     <span class='ocr_line' id='line_1_29' title="bbox 143 3657 1423 3767; baseline 0.001 -23"><span class='ocrx_word' id='word_1_271' title='bbox 143 3680 276 3767; x_wconf 88' lang='lat' dir='ltr'>gloriam</span> <span class='ocrx_word' id='word_1_272' title='bbox 298 3681 449 3746; x_wconf 84' lang='lat' dir='ltr'>novitatis.</span> <span class='ocrx_word' id='word_1_273' title='bbox 1420 3657 1423 3660; x_wconf 64' lang='lat'>‚</span> 
     </span>
     <span class='ocr_line' id='line_1_30' title="bbox 227 3791 1358 3873; baseline -0.004 -13"><span class='ocrx_word' id='word_1_274' title='bbox 227 3794 384 3873; x_wconf 81' lang='lat' dir='ltr'>Quoniam</span> <span class='ocrx_word' id='word_1_275' title='bbox 411 3794 464 3862; x_wconf 83' lang='lat' dir='ltr'>PS</span> <span class='ocrx_word' id='word_1_276' title='bbox 485 3804 522 3860; x_wconf 54' lang='lat' dir='ltr'>‚et</span> <span class='ocrx_word' id='word_1_277' title='bbox 550 3791 605 3860; x_wconf 67' lang='grc' dir='ltr'>ΒΕ</span> <span class='ocrx_word' id='word_1_278' title='bbox 631 3815 723 3859; x_wconf 88' lang='lat' dir='ltr'>voces</span> <span class='ocrx_word' id='word_1_279' title='bbox 752 3794 786 3856; x_wconf 90' lang='lat' dir='ltr'>in</span> <span class='ocrx_word' id='word_1_280' title='bbox 802 3791 924 3858; x_wconf 63' lang='lat' dir='ltr'>‘Latino</span> <span class='ocrx_word' id='word_1_281' title='bbox 952 3813 1095 3859; x_wconf 88' lang='lat' dir='ltr'>sermone</span> <span class='ocrx_word' id='word_1_282' title='bbox 1124 3793 1207 3857; x_wconf 90' lang='lat' dir='ltr'>haud</span> <span class='ocrx_word' id='word_1_283' title='bbox 1235 3792 1278 3855; x_wconf 90' lang='lat' dir='ltr'>ita</span> <span class='ocrx_word' id='word_1_284' title='bbox 1298 3791 1358 3856; x_wconf 85' lang='lat' dir='ltr'>fre-</span> 
     </span>
     <span class='ocr_line' id='line_1_31' title="bbox 143 3908 1357 3998; baseline -0.004 -21"><span class='ocrx_word' id='word_1_285' title='bbox 143 3922 273 3998; x_wconf 88' lang='lat' dir='ltr'>quenter</span> <span class='ocrx_word' id='word_1_286' title='bbox 292 3921 496 3998; x_wconf 81' lang='lat' dir='ltr'>usurpantur,</span> <span class='ocrx_word' id='word_1_287' title='bbox 517 3911 578 3974; x_wconf 91' lang='lat' dir='ltr'>hoc</span> <span class='ocrx_word' id='word_1_288' title='bbox 598 3910 774 3973; x_wconf 89' lang='lat' dir='ltr'>mirandum</span> <span class='ocrx_word' id='word_1_289' title='bbox 795 3930 858 3973; x_wconf 89' lang='lat' dir='ltr'>non</span> <span class='ocrx_word' id='word_1_290' title='bbox 880 3919 926 3973; x_wconf 89' lang='lat' dir='ltr'>est</span> <span class='ocrx_word' id='word_1_291' title='bbox 946 3909 1031 3994; x_wconf 91' lang='lat' dir='ltr'>quod</span> <span class='ocrx_word' id='word_1_292' title='bbox 1051 3908 1173 3974; x_wconf 89' lang='lat' dir='ltr'>nullum</span> <span class='ocrx_word' id='word_1_293' title='bbox 1194 3908 1357 3993; x_wconf 84' lang='lat' dir='ltr'>antisigma</span> 
     </span>
     <span class='ocr_line' id='line_1_32' title="bbox 143 4022 1358 4111; baseline -0.006 -18"><span class='ocrx_word' id='word_1_294' title='bbox 143 4026 306 4094; x_wconf 82' lang='lat' dir='ltr'>Claudiani</span> <span class='ocrx_word' id='word_1_295' title='bbox 328 4028 368 4091; x_wconf 91' lang='lat' dir='ltr'>ad</span> <span class='ocrx_word' id='word_1_296' title='bbox 387 4035 525 4090; x_wconf 90' lang='lat' dir='ltr'>nostram</span> <span class='ocrx_word' id='word_1_297' title='bbox 544 4022 726 4089; x_wconf 90' lang='lat' dir='ltr'>memoriam</span> <span class='ocrx_word' id='word_1_298' title='bbox 747 4023 925 4111; x_wconf 87' lang='lat' dir='ltr'>exemplum</span> <span class='ocrx_word' id='word_1_299' title='bbox 947 4025 1067 4089; x_wconf 89' lang='lat' dir='ltr'>mansit.</span> <span class='ocrx_word' id='word_1_300' title='bbox 1093 4025 1234 4111; x_wconf 88' lang='lat' dir='ltr'>Vestigia</span> <span class='ocrx_word' id='word_1_301' title='bbox 1254 4033 1358 4088; x_wconf 88' lang='lat' dir='ltr'>tamen</span> 
     </span>
     <span class='ocr_line' id='line_1_33' title="bbox 143 4139 1357 4229; baseline -0.005 -22"><span class='ocrx_word' id='word_1_302' title='bbox 143 4142 207 4207; x_wconf 89' lang='lat' dir='ltr'>eius</span> <span class='ocrx_word' id='word_1_303' title='bbox 227 4143 345 4228; x_wconf 75' lang='lat' dir='ltr'>inventi</span> <span class='ocrx_word' id='word_1_304' title='bbox 366 4140 604 4229; x_wconf 87' lang='lat' dir='ltr'>deprehendisse</span> <span class='ocrx_word' id='word_1_305' title='bbox 624 4141 701 4205; x_wconf 91' lang='lat' dir='ltr'>mihi</span> <span class='ocrx_word' id='word_1_306' title='bbox 721 4140 753 4203; x_wconf 91' lang='lat' dir='ltr'>in</span> <span class='ocrx_word' id='word_1_307' title='bbox 781 4163 844 4205; x_wconf 90' lang='lat' dir='ltr'>una</span> <span class='ocrx_word' id='word_1_308' title='bbox 864 4140 1062 4229; x_wconf 87' lang='lat' dir='ltr'>inscriptione</span> <span class='ocrx_word' id='word_1_309' title='bbox 1082 4141 1191 4207; x_wconf 87' lang='lat' dir='ltr'>videor</span> <span class='ocrx_word' id='word_1_310' title='bbox 1212 4161 1306 4225; x_wconf 88' lang='lat' dir='ltr'>quam</span> <span class='ocrx_word' id='word_1_311' title='bbox 1324 4139 1357 4202; x_wconf 91' lang='lat' dir='ltr'>in</span> 
     </span>
     <span class='ocr_line' id='line_1_34' title="bbox 142 4254 1357 4346; baseline -0.004 -24"><span class='ocrx_word' id='word_1_312' title='bbox 142 4258 271 4345; x_wconf 88' lang='lat' dir='ltr'>septimo</span> <span class='ocrx_word' id='word_1_313' title='bbox 296 4258 395 4346; x_wconf 89' lang='lat' dir='ltr'>capite</span> <span class='ocrx_word' id='word_1_314' title='bbox 416 4257 597 4322; x_wconf 90' lang='lat' dir='ltr'>describam.</span> <span class='ocrx_word' id='word_1_315' title='bbox 648 4257 823 4332; x_wconf 86' lang='lat' dir='ltr'>Nemeum</span> <span class='ocrx_word' id='word_1_316' title='bbox 852 4258 883 4320; x_wconf 90' lang='lat' dir='ltr'>in</span> <span class='ocrx_word' id='word_1_317' title='bbox 911 4258 1036 4345; x_wconf 91' lang='lat' dir='ltr'>publica</span> <span class='ocrx_word' id='word_1_318' title='bbox 1056 4256 1201 4321; x_wconf 86' lang='lat' dir='ltr'>tabulae</span> <span class='ocrx_word' id='word_1_319' title='bbox 1224 4277 1285 4341; x_wconf 91' lang='lat' dir='ltr'>qua</span> <span class='ocrx_word' id='word_1_320' title='bbox 1305 4254 1357 4317; x_wconf 88' lang='lat' dir='ltr'>hic</span> 
     </span>
     <span class='ocr_line' id='line_1_35' title="bbox 141 4368 1356 4461; baseline -0.002 -25"><span class='ocrx_word' id='word_1_321' title='bbox 141 4372 245 4436; x_wconf 87' lang='lat' dir='ltr'>titulus</span> <span class='ocrx_word' id='word_1_322' title='bbox 266 4373 466 4461; x_wconf 84' lang='lat' dir='ltr'>transcriptus</span> <span class='ocrx_word' id='word_1_323' title='bbox 496 4382 542 4438; x_wconf 88' lang='lat' dir='ltr'>est</span> <span class='ocrx_word' id='word_1_324' title='bbox 562 4371 817 4440; x_wconf 81' lang='lat' dir='ltr'>DIPSOVRTO</span> <span class='ocrx_word' id='word_1_325' title='bbox 843 4395 958 4439; x_wconf 90' lang='lat' dir='ltr'>nomen</span> <span class='ocrx_word' id='word_1_326' title='bbox 978 4370 1026 4438; x_wconf 90' lang='lat' dir='ltr'>bis</span> <span class='ocrx_word' id='word_1_327' title='bbox 1053 4375 1097 4438; x_wconf 90' lang='lat' dir='ltr'>sie</span> <span class='ocrx_word' id='word_1_328' title='bbox 1121 4370 1200 4438; x_wconf 85' lang='lat' dir='ltr'>DIO</span> <span class='ocrx_word' id='word_1_329' title='bbox 1208 4368 1356 4435; x_wconf 84' lang='lat' dir='ltr'>CVRTO</span> 
     </span>
     <span class='ocr_line' id='line_1_36' title="bbox 140 4484 1357 4576; baseline -0.003 -24"><span class='ocrx_word' id='word_1_330' title='bbox 140 4489 312 4575; x_wconf 88' lang='lat' dir='ltr'>legeretur,</span> <span class='ocrx_word' id='word_1_331' title='bbox 339 4489 364 4553; x_wconf 88' lang='lat' dir='ltr'>is</span> <span class='ocrx_word' id='word_1_332' title='bbox 393 4489 446 4576; x_wconf 92' lang='lat' dir='ltr'>qui</span> <span class='ocrx_word' id='word_1_333' title='bbox 474 4489 663 4576; x_wconf 87' lang='lat' dir='ltr'>transcripsit</span> <span class='ocrx_word' id='word_1_334' title='bbox 697 4489 742 4553; x_wconf 92' lang='lat' dir='ltr'>bis</span> <span class='ocrx_word' id='word_1_335' title='bbox 769 4484 1052 4556; x_wconf 83' lang='lat' dir='ltr'>DIOPSCVRTO</span> <span class='ocrx_word' id='word_1_336' title='bbox 1087 4488 1130 4551; x_wconf 89' lang='lat' dir='ltr'>ita</span> <span class='ocrx_word' id='word_1_337' title='bbox 1164 4486 1285 4551; x_wconf 84' lang='lat' dir='ltr'>videtur</span> <span class='ocrx_word' id='word_1_338' title='bbox 1311 4485 1357 4548; x_wconf 91' lang='lat' dir='ltr'>in-</span> 
     </span>
    </p>
   </div>
   <div class='ocr_carea' id='block_1_4' title="bbox 0 0 1456 5122">
    <p class='ocr_par' dir='ltr' id='par_1_5' title="bbox 0 0 1456 5122">
     <span class='ocr_line' id='line_1_37' title="bbox 0 0 1456 5122; baseline 0 5"><span class='ocrx_word' id='word_1_339' title='bbox 0 0 1456 5122; x_wconf 95' lang='lat' dir='ltr'> </span> 
     </span>
    </p>
   </div>
  </div>
 </body>
</html>
