2902 5122
720 259 739 333 i

600 347 859 357 ψ..-

125 477 293 542 sicdorium
314 498 344 561 p.
360 474 443 541 2282
464 471 538 541 ‘Est
551 470 704 558 quaedam
724 470 814 535 litera
834 470 868 533 in
883 467 911 538 F
925 467 1033 535 literae
1051 469 1187 556 speciem
1206 468 1341 556 figurata

97 628 100 633 <
125 612 206 678 quae
226 591 384 677 digamma
404 588 597 669 nominatur,
621 607 700 672 quae
717 585 794 652 duos
808 584 911 674 apices
925 605 966 655 ex
984 605 1110 670 gamma
1123 583 1212 647 litera
1224 583 1342 658 habere

126 706 257 771 videtur.
300 704 355 773 Ad
381 703 473 771 huius
494 701 726 768 similitudinem
743 701 812 766 soni
837 701 936 767 nostri
956 700 1134 765 coniunctae
1154 699 1276 765 vocales
1296 698 1341 762 di·

126 841 275 906 gammon
291 818 448 905 appellare
463 818 627 889 voluerunt
646 826 681 881 ut
702 823 748 882 est
768 825 895 881 uotum
916 816 1039 903 uirgo.
1065 815 1170 900 itaque
1189 815 1223 877 in
1242 798 1342 900 prima

127 933 249 1022 syllaba
270 934 428 1020 digamma
448 943 479 998 et
498 933 639 1010 vocalem
659 931 794 1020 oportuit
813 931 903 1018 poni,
931 930 1066 1002 Fctum
1093 929 1230 1016 Firgo,
1258 929 1342 1013 quod

127 1059 159 1114 et
185 1049 280 1117 Aeoli
307 1051 447 1114 feceramt
474 1057 505 1112 et
530 1047 648 1134 antiqui
681 1047 779 1116 nostri
810 1033 902 1115 sicut
917 1047 1069 1132 scriptura
1095 1046 1129 1118 in
1155 1044 1342 1132 quibusdam

128 1164 240 1234 libellis
262 1163 407 1230 declarat.
449 1163 542 1228 Hanc
565 1163 687 1230 literam
707 1161 871 1232 Terentius
892 1161 995 1230 Varro
1024 1161 1099 1229 dum
1126 1160 1194 1233 malt
1215 1161 1342 1228 manon-

128 1288 226 1349 strare
246 1279 289 1347 ita
309 1278 471 1364 perscribit
486 1278 596 1359 VAV;
618 1279 671 1362 qui
690 1298 766 1364 ergo
787 1278 820 1342 in
842 1277 901 1356 hac
920 1275 1043 1362 syllaba
1063 1297 1157 1343 sonus
1177 1283 1239 1359 est,
1259 1275 1342 1347 idem

127 1393 236 1461 literae
256 1393 323 1459 erit.
365 1393 433 1461 Nos
452 1393 547 1458 hodie
567 1393 599 1456 V
620 1392 741 1463 literam
768 1392 801 1455 in
829 1391 961 1456 duarum
981 1391 1142 1464 literarum
1160 1399 1342 1477 potestatem

129 1510 302 1595 coegimus,
333 1531 407 1581 nam
438 1509 533 1575 medo
567 1531 629 1594 pro
660 1508 817 1594 digamma
850 1507 995 1577 scribitur
1020 1505 1115 1576 modo
1148 1528 1206 1593 pro
1232 1504 1341 1575 vocali

129 1624 244 1690 vocalis
272 1633 414 1693 estcum
440 1624 592 1711 ipseper
627 1645 661 1688 se
686 1632 732 1688 est
763 1623 836 1707 (hoc
864 1622 947 1692 enim
980 1645 1052 1692 cum
1083 1621 1192 1692 ceteris
1218 1642 1343 1706 quoquc

129 1738 287 1804 vocalibus
309 1740 444 1826 patitur).
473 1739 500 1802 si
526 1760 597 1802 cum
621 1738 683 1802 alia
707 1738 823 1820 vocali,
852 1739 1009 1824 digamma
1034 1746 1082 1804 est
1104 1757 1183 1823 quac
1203 1743 1250 1803 est
1270 1757 1342 1805 con·

128 1876 242 1924 sonans
264 1875 291 1923 e.
315 1876 344 1939 q.
366 1855 400 1917 θ’
447 1852 500 1917 Ex
528 1853 577 1918 his
604 1853 680 1921 locis
709 1855 824 1940 quippe
852 1853 904 1938 qui
933 1854 973 1924 ad
1003 1851 1210 1923 Claudianum
1235 1871 1343 1916 omnes

128 1969 288 2038 inventum
316 1969 471 2054 pertinere
496 1991 560 2033 non
587 1977 727 2057 possent,
755 1965 965 2038 Schneiderus
987 1968 1193 2053 sdigamna
1215 1964 1344 2052 collegit

129 2094 200 2154 ante
221 2084 388 2154 Claudium
408 2084 567 2154 exstitisse.
610 2083 809 2170 Quamquam
836 2084 919 2150 enim
946 2083 1140 2172 grammata
1166 2084 1210 2152 ita
1236 2082 1343 2169 loque·

128 2210 253 2282 rentur,
289 2200 375 2285 quasi
407 2199 434 2265 F
468 2199 558 2265 litera
582 2199 614 2264 V
642 2201 839 2267 consonantis
866 2202 966 2270 vicem
992 2199 1206 2288 praestitisset,
1240 2206 1344 2265 amen

129 2315 277 2400 quoniam
296 2324 370 2379 tunc
392 2315 423 2383 V
440 2324 476 2383 et
495 2315 523 2381 F
550 2337 641 2380 voces
662 2325 853 2402 permutatae
879 2317 960 2380 inter
979 2337 1014 2383 se
1034 2316 1137 2385 forent
1158 2314 1249 2382 etiam
1269 2315 1344 2380 istos

128 2430 262 2516 figuram
298 2430 450 2517 cogitasse
471 2431 642 2500 ⁴inversam
676 2415 707 2496 et
737 2453 794 2519 pro
829 2423 977 2496 s'erFus
1011 2429 1168 2519 Fulgus
1199 2428 1367 2526 Dal'lus⁸
1416 2496 1417 2500 ,

128 2544 271 2610 Fctum
299 2545 425 2631 Firgo
452 2567 519 2610 esse
545 2544 693 2613 serdus
724 2556 781 2610 cet.
810 2547 974 2614 scribenda
1000 2546 1108 2611 videri.
1158 2546 1205 2610 At
1225 2552 1345 2613 veteres

129 2659 347 2745 grammaticos
373 2682 483 2746 parum
511 2656 723 2726 Schneiderus
746 2660 913 2742 intellexit,
941 2683 1012 2726 cum
1040 2681 1119 2747 quae
1142 2660 1239 2729 verba
1263 2660 1345 2746 apud

129 2774 200 2840 illcs
223 2784 295 2839 sunt
315 2775 363 2838 ‘V
384 2775 563 2861 digammon
584 2777 687 2841 sonat'
708 2777 759 2841 vel
781 2777 829 2840 ‘V
842 2777 949 2841 literae
966 2775 1040 2840 item
1056 2775 1213 2862 digamma
1233 2774 1346 2840 ascribi

129 2890 223 2954 solet’
245 2890 296 2955 vel
317 2891 386 2954 ‘alii
407 2892 450 2955 sic
472 2891 581 2958 volunt
602 2912 669 2955 esse
690 2891 883 2978 digammon’
903 2891 955 2956 vel
976 2890 1103 2973 similia,
1131 2891 1174 2955 eis
1195 2889 1280 2954 aliud
1301 2890 1346 2954 nil

131 3004 300 3090 significari
319 3015 466 3091 appareat
487 3005 546 3068 nisi
567 3007 613 3070 ‘V
636 3006 725 3071 litera
747 3007 821 3070 item
843 3028 1023 3070 consonans·
1037 3008 1100 3072 θεῖ’
1142 3008 1250 3092 Atque
1270 3005 1346 3071 Dio-

131 3119 236 3184 medes
256 3119 400 3185 Donatus
422 3119 579 3185 Cornutus
605 3142 677 3191 cum
698 3121 838 3194 serFus
866 3121 1021 3208 Fulgus
1043 3131 1100 3186 oet.
1123 3121 1295 3186 scriberent
1314 3120 1346 3185 id

131 3243 263 3320 egerunt
282 3243 317 3299 ut
336 3235 369 3297 in
388 3235 564 3300 huiusmodi
585 3235 743 3301 vocabulis
769 3237 801 3299 V
824 3230 954 3319 literam,
972 3239 1103 3302 eandem
1129 3259 1256 3324 prorsus
1283 3235 1345 3301 vim

131 3350 247 3414 habere
274 3350 477 3435 explanarent
511 3373 604 3438 quam
638 3351 722 3439 apud
743 3352 890 3418 Graecos
921 3352 949 3416 F
985 3352 1150 3438 digamma.
1200 3351 1347 3426 Ceterum

132 3462 342 3530 Schneiderus
371 3463 504 3530 Cornuti
530 3467 633 3531 verbis
660 3467 796 3532 maxime
830 3468 914 3531 hisce
946 3466 1069 3532 videtur
1099 3466 1246 3553 deceptis
1279 3487 1347 3531 esse

128 3580 251 3664 ‘itaque
264 3580 296 3642 in
310 3579 411 3666 prima
425 3580 548 3666 syllaba
561 3580 718 3666 digamma
733 3592 769 3647 ct
788 3582 927 3647 vocalem
944 3582 1082 3670 oportuit
1101 3581 1192 3668 poni,
1211 3581 1347 3647 Fctum

132 3693 203 3757 Fir
209 3717 277 3780 go,
306 3696 391 3780 quod
410 3705 442 3759 et
461 3695 556 3760 Aeoli
576 3696 716 3760 fecerunt
736 3705 768 3761 et
787 3696 905 3782 antiqui
926 3696 1024 3761 nostri
1043 3698 1123 3768 sicut
1141 3697 1295 3785 scriptino
1315 3699 1347 3762 in

133 3810 316 3894 quibusdam
337 3809 450 3874 libellis
472 3810 607 3877 declarat
614 3811 632 3893 ¹,
652 3833 672 3876 e
693 3812 804 3896 quibus
824 3812 969 3898 equidem
990 3835 1053 3878 non
1074 3812 1174 3878 efficio
1193 3815 1257 3877 iam
1277 3822 1348 3879 ante

134 3923 300 3991 Claudium
321 3925 454 3990 rictum
476 3934 506 3990 et
528 3923 645 4012 dirgo
667 3927 781 4014 scripta
801 3949 884 4008 esse,
906 3928 961 3992 sed
982 3929 1043 3993 hoc
1062 3929 1180 4015 potius,
1203 3927 1370 4014 antiquis„

132 4041 226 4104 simos
254 4039 381 4104 Latinos
405 4040 432 4104 F
458 4040 548 4105 litera
582 4063 646 4106 non
681 4043 775 4107 modo
804 4043 820 4104 f
845 4065 956 4108 sonum
985 4045 1172 4130 expressisse
1198 4042 1348 4107 Italarum

134 4157 274 4241 gentium
291 4157 451 4243 proprium
469 4156 524 4221 sed
541 4157 632 4220 ctiam
652 4178 722 4220 eam
740 4179 849 4226 vocem
867 4181 961 4244 quam
977 4158 1094 4225 Graeci
1110 4159 1138 4223 F
1153 4168 1226 4222 nota
1247 4159 1348 4243 signa-

134 4273 210 4336 bant
231 4282 261 4342 et
280 4271 425 4336 Laciniv
435 4273 524 4340 litera
544 4273 696 4360 posterius
716 4274 1031 4360 comprehendebant.
1050 4274 1157 4352 Quam
1172 4273 1349 4359 opinionem

134 4387 297 4452 manifesto
318 4388 495 4452 Priscianus
515 4389 534 4452 I
554 4390 591 4471 4,
615 4390 654 4453 12
675 4411 706 4477 p.
729 4390 768 4452 ll
790 4388 899 4459 Hertz.
928 4390 1091 4453 confirmat
1117 4388 1161 4452 ‘F
1183 4389 1349 4455 Aeolicum

136 4503 293 4589 digamma
319 4503 402 4589 quod
428 4503 512 4591 apud
537 4504 764 4591 antiquissimos
791 4503 975 4569 Latinorum
1002 4505 1140 4570 eandem·
1166 4505 1229 4569 vim
1255 4527 1348 4590 quam
