2902 5122
148 453 229 538 apud
258 436 368 517 Aeolis
396 449 522 514 habuit!
571 447 797 530 Acceduntque
827 468 897 510 cum
925 447 1057 512 aliorum
1085 451 1279 534 quorundam
1309 473 1369 516 no·

147 565 266 628 minum
285 564 421 650 duplices
441 564 559 628 formae
581 571 614 626 ut
626 554 760 625 'Afillius
783 571 812 624 ot
832 562 985 643 Avillius,
1014 563 1143 627 Afarius
1164 575 1194 628 et
1215 566 1366 647 Avarius,
1391 591 1397 600 ·

148 678 288 744 Falerius
303 688 333 742 et
349 679 505 759 Valerius,
528 668 682 741 Festinius
704 685 735 739 et
749 676 922 758 Vestinius,
943 677 1053 742 Fillius
1076 689 1105 744 et
1120 679 1249 762 Villius,
1270 680 1366 746 Folia

148 803 179 859 et
200 794 309 874 Volia,
329 793 462 860 Osanius
485 802 515 856 et
536 791 691 868 Oramus,
720 790 809 856 Ofius
832 801 863 856 et
880 792 996 874 Ovius,
1024 792 1146 858 Ofinius
1168 804 1198 858 et
1219 792 1365 877 Ovinius,

147 907 305 973 Prifernas
328 917 357 973 et
377 908 561 988 Privernas,
588 915 654 970 nrm
682 906 803 992 figulini
832 907 933 993 operis
954 896 1113 972 Velleiatis
1143 904 1307 975 auctoritas
1328 911 1364 974 in
1383 926 1389 936 ·

148 1045 209 1109 quo
231 1023 424 1109 Borghesius
445 1024 517 1087 Act.
539 1022 638 1085 Instit.
661 1015 813 1085 arehaeol.
831 1019 909 1085 1841
926 1045 956 1108 p.
973 1022 1031 1086 141
1046 1024 1130 1088 huno
1152 1045 1218 1088 esse
1237 1022 1363 1088 titulum

146 1139 326 1226 inscriptum
358 1138 453 1202 refert
486 1136 539 1200 L·
563 1130 656 1200 NAE
679 1138 691 1219 ΙΙ
713 1134 808 1202 0⁰8·
831 1136 881 1200 Ns
899 1138 912 1220 11
934 1137 1056 1201 ΛΕΜ·
1079 1137 1133 1202 L·
1156 1139 1232 1220 FO,
1260 1139 1365 1204 idest

147 1252 242 1316 ‘Luci
269 1252 376 1318 Naevi
398 1248 575 1315 consulibus
608 1251 714 1316 Manio
738 1252 875 1316 Aemilio
905 1251 1002 1316 Lucio
1028 1247 1191 1319 *Volcati0'
1219 1253 1259 1338 (a.
1280 1277 1310 1317 u.
1324 1277 1362 1318 e.

147 1367 231 1452 688).
266 1366 334 1431 Nec
356 1367 462 1431 dubito
483 1367 559 1452 quin
580 1367 640 1429 hac
660 1366 780 1430 ratione
801 1367 1019 1454 explicandum
1039 1367 1078 1430 sit
1098 1368 1182 1453 quod
1202 1368 1235 1431 in
1249 1368 1362 1434 multis

146 1481 304 1547 vocabulis
327 1481 401 1546 olim
421 1480 523 1544 Latini
545 1503 643 1566 aeque
663 1490 755 1566 atque
776 1481 892 1546 Aeoles
911 1481 939 1545 F
960 1480 1050 1546 litera
1075 1505 1132 1567 pro
1153 1483 1364 1570 adspiratione

145 1598 311 1662 utebantur
332 1597 468 1662 velutin
490 1596 598 1662 sordeo
621 1605 651 1660 et
672 1595 769 1661 foedis
791 1605 821 1660 et
840 1595 908 1659 aliis
930 1618 1009 1681 quae
1025 1595 1249 1662 Mommsenius
1269 1597 1361 1663 infer.

92 1688 94 1692 ,
146 1712 215 1776 Ital.
237 1711 356 1776 dialect.
377 1734 408 1799 p.
431 1712 493 1776 359
509 1713 676 1798 congessit.

228 1825 300 1909 Sed¹
314 1835 348 1890 ut
368 1826 409 1889 ad
427 1827 460 1890 id
482 1826 564 1891 unde
587 1827 724 1913 degressi
744 1848 848 1890 sumus
876 1835 1085 1908 revertamur,
1114 1826 1147 1890 in
1175 1827 1306 1891 similem
1327 1838 1362 1893 ut

147 1939 356 2007 Schneiderus
382 1963 521 2011 errorem
547 1940 670 2028 Lipsius
692 1940 732 2004 ad
753 1940 827 2004 Tac.
848 1962 919 2003 ann.
941 1940 992 2005 XI
1016 1941 1056 2004 14
1074 1940 1217 2006 inductus
1239 1943 1361 2028 estqui

146 2057 321 2120 Varronem
342 2055 370 2119 d
391 2057 525 2142 figuram
552 2057 585 2120 in
611 2055 769 2119 literarum
791 2077 954 2119 numerum
982 2056 1115 2121 adscribi
1135 2057 1269 2123 voluisse
1288 2079 1362 2144 pro·

108 2178 110 2183 “
145 2173 273 2237 baturus
300 2181 409 2239 testem
436 2172 580 2258 producit
606 2172 774 2236 Annaeum
803 2170 976 2237 Cornutum
1005 2172 1026 2235 l.
1050 2172 1079 2235 d.
1117 2173 1213 2236 ‘hane
1238 2172 1362 2239 literam

146 2287 310 2352 Terentius
338 2287 441 2352 Varro
466 2287 539 2351 dum
569 2287 635 2350 vult
662 2287 875 2350 demonstrare
908 2286 950 2349 ita
981 2286 1144 2373 perscribit
1169 2287 1278 2370 VAV;
1307 2290 1362 2374 qui
1423 2274 1429 2286 ¹

114 2477 126 2496 α
146 2424 222 2488 ergo
243 2403 276 2465 in
297 2402 356 2465 hac
376 2401 499 2488 syllaba
520 2425 613 2467 sonus
636 2412 694 2483 est,
715 2402 798 2467 idem
819 2402 926 2465 literae
948 2403 1023 2466 crit*
1059 2402 1181 2480 Quibus
1202 2403 1361 2469 Cornutus

146 2517 248 2582 verbis
277 2518 359 2582 idem
386 2517 471 2602 quod
497 2517 674 2581 Priscianus
705 2516 724 2581 I
750 2518 787 2599 4,
814 2517 856 2581 20
883 2539 913 2603 p.
945 2518 984 2581 15
1020 2517 1129 2583 Hertz.
1165 2519 1360 2604 significavit,

145 2634 322 2699 Varronem
344 2633 438 2698 VAV
459 2633 628 2699 ostendisse
649 2634 679 2697 V
701 2633 809 2697 literae
830 2653 944 2725 nomen
966 2654 1040 2697 esse.

603 2894 908 2905 ..mmm-1.

535 3083 691 3226 'eaput
719 3110 944 3206 secundun.

227 3305 371 3371 Alteram
391 3305 512 3370 literam
532 3328 551 3367 a
572 3303 704 3374 Claudio
724 3305 881 3369 inventam
901 3313 986 3368 tanta
1007 3306 1167 3392 intercepit
1189 3306 1304 3379 oblivio
1325 3317 1359 3371 ut
1439 3376 1441 3380 ,

145 3446 225 3487 unus
247 3445 286 3487 ex
308 3421 462 3486 veteribus
488 3420 696 3504 grammaticis
724 3429 754 3484 et
782 3419 877 3503 longe
903 3421 1056 3486 inferioris
1084 3421 1190 3485 aetatis
1218 3422 1359 3508 scriptor,

144 3538 320 3602 Priscianus
348 3537 366 3600 I
391 3537 424 3616 7,
453 3536 494 3598 42
523 3559 552 3622 p.
584 3535 624 3599 33
652 3534 761 3600 Hertz.
790 3545 908 3602 certum
936 3537 974 3602 de
1002 3558 1038 3601 ea
1063 3536 1268 3601 testimonium
1288 3556 1359 3620 per·

64 3708 65 3716 ,
144 3651 278 3715 hibuerit
299 3650 399 3715 ‘Huic
419 3648 469 3737 [S]
490 3651 691 3737 praeponitur
710 3651 737 3715 P
759 3659 789 3717 et
814 3651 884 3717 loco
911 3656 947 3712 Ψ
965 3650 1104 3716 Graecae
1124 3648 1278 3734 fungitur,
1299 3669 1358 3734 pro

145 3789 205 3852 qua
227 3763 375 3831 Claudius
397 3763 513 3829 Caesar
540 3765 703 3852 antisigma
724 3762 777 3832 OO
804 3768 863 3831 hac
885 3768 988 3852 figura
1014 3765 1109 3829 scribi
1129 3762 1243 3828 voluit?
1285 3761 1358 3827 Dis-

145 3889 249 3967 crepat
270 3879 395 3965 quidem
416 3880 542 3944 omnino
564 3904 635 3944 cum
656 3881 815 3947 Prisciano
838 3882 1013 3947 Marcianus
1037 3878 1165 3967 Capella
1185 3877 1240 3943 ΠΙ
1260 3901 1357 3964 segm.

144 3997 206 4061 245
226 4003 304 4058 extr.
341 3993 439 4058 ‘Huic
460 3992 509 4084 [S]
530 3995 636 4060 literae
658 3998 747 4061 divus
767 3996 916 4062 Claudius
936 3995 968 4059 P·
982 3995 1093 4059 adiecit
1110 4003 1164 4059 aut
1185 3993 1212 4060 O
1230 4004 1359 4081 propter

150 4117 186 4172 Ψ
203 4119 233 4175 et
253 4109 284 4176 Ξ
302 4107 438 4175 Graecas
459 4111 579 4194 literas,
607 4122 641 4177 ut
660 4113 687 4177 P
708 4111 902 4199 psalterium,
923 4119 957 4174 ut
978 4109 1006 4176 O
1025 4111 1128 4174 saesa’
1145 4112 1168 4195 ¹)
1201 4107 1267 4176 Sed
1287 4131 1358 4174 cum
1415 4150 1422 4158 -

144 4247 243 4314 prope
270 4225 302 4289 in
331 4227 473 4291 omnibus
502 4228 608 4310 rebus,
643 4238 803 4293 externam
830 4225 925 4290 fidem
959 4226 985 4289 si
1012 4235 1202 4312 spectamus,
1230 4224 1359 4311 gravior

143 4350 244 4359 ...---—

190 4405 212 4470 ¹)
231 4410 321 4458 ‘sassa'
340 4411 485 4473 scripturam
503 4427 566 4476 quas
584 4414 704 4463 Marciani
722 4414 859 4462 sonantius
883 4413 956 4462 unice
978 4413 1093 4462 convenit
1111 4413 1226 4474 Koppius
1246 4413 1357 4460 vetustas

114 4548 118 4554 .
229 4510 352 4560 editiones
371 4519 468 4563 secutus
487 4528 532 4577 pro
551 4516 596 4562 hae
614 4514 699 4562 ‘saxa’
719 4527 782 4575 quac
800 4514 827 4561 in
845 4513 973 4564 codicibus
991 4520 1029 4563 est
1044 4519 1108 4563 recte
1127 4515 1244 4563 restituit.
