2902 5122
596 333 611 338 ..
623 331 851 340 4--..----ι----

121 455 279 521 Marciano
307 455 481 539 certiorque
509 463 616 518 auctor
643 443 904 534 Priscianus'sit,
935 462 1003 517 tum
1027 476 1106 540 quae
1134 456 1173 520 de
1199 456 1331 524 Claudio

121 571 251 658 Capella
278 570 399 656 scripsit
426 578 545 633 tantum
572 568 659 633 abest
686 577 722 633 ut
747 577 832 635 reete
860 590 894 631 se
921 568 1056 633 habeant
1082 579 1118 634 ut
1136 571 1197 635 sint
1216 573 1329 661 inepta

120 685 203 750 Nam
223 706 294 749 cum
321 706 413 770 quem
441 684 616 748 Marcianus
643 683 805 769 exscripsit
832 684 1050 768 grammaticus
1071 687 1331 770 quemadmodum

121 822 183 864 una
202 798 292 865 litera
311 799 445 865 Romani
465 797 494 865 Ξ
512 797 667 864 Graecam
688 799 896 884 exprimerent
921 800 995 863 item
1021 822 1116 864 unam
1141 811 1246 866 notam
1273 825 1331 889 pro

71 977 78 991 ‚
128 921 163 977 Ψ
179 915 302 982 Graeca
322 916 515 1002 excogitasse
536 913 701 995 Claudium
721 914 911 996 tradidisset,
935 914 1001 1001 ipse
1020 938 1056 981 re
1075 916 1157 980 malo
1178 917 1332 981 intellecta

120 1032 301 1099 sententiam
322 1032 404 1094 hanc
424 1031 584 1118 proposuit
604 1031 709 1115 utique
725 1030 926 1112 contrariam,
949 1031 1077 1116 singulis
1093 1032 1226 1099 Graecis>
1235 1032 1331 1097 literis

120 1148 227 1212 divum
248 1146 414 1212 Claudium
433 1146 588 1210 Romanas
608 1145 798 1210 substituisse
819 1145 907 1209 binas
935 1154 969 1209 ut
996 1169 1054 1232 pro
1088 1153 1124 1208 Ψ
1146 1148 1332 1213 scriberetur

59 1275 61 1279 ’
120 1262 175 1329 PS
197 1272 227 1327 ct
248 1261 300 1328 CS
323 1284 380 1348 pro
407 1261 504 1347 ΞΜ.
526 1257 668 1349 Koppius
692 1260 784 1324 adh.
807 1260 851 1347 l).
884 1261 1083 1348 Quamquam
1101 1263 1180 1328 scire
1200 1263 1332 1327 debebat

121 1365 161 1439 1Ψ
179 1400 288 1443 vocem
307 1378 466 1443 Romanos
495 1373 549 1442 PS
576 1385 629 1439 aut
656 1372 710 1441 BS
737 1376 833 1439 literis
846 1370 1034 1441 'declarasse
1060 1399 1198 1465 semper,
1225 1378 1331 1443 solitos

120 1516 187 1559 esse
206 1517 264 1581 pro
285 1492 316 1559 Ξ
332 1491 625 1578 Θταθωυειιῳαῐθ
645 1490 679 1554 Χ
700 1499 814 1554 notam.
848 1491 960 1578 Itaque
980 1492 1053 1578 quia
1073 1494 1223 1558 Marciani
1243 1512 1332 1559 error
1353 1547 1355 1551 .

119 1618 191 1673 ante
214 1607 319 1673 oculos
339 1607 456 1694 positus
478 1615 544 1670 erat
566 1606 621 1671 vix
642 1607 783 1670 excusari
803 1607 1003 1672 Burmannus
1023 1608 1063 1672 ad
1087 1606 1172 1674 Suet.
1190 1608 1237 1675 Cl.
1253 1607 1331 1672 XLI

118 1722 231 1811 poterit
252 1723 385 1787 confusis
399 1722 550 1786 Prisciani
571 1730 601 1786 et
618 1720 764 1807 Capellae
779 1723 881 1787 verbis
903 1723 1116 1788 ‘scribendum
1135 1723 1215 1788 forte
1236 1721 1332 1810 [apud

118 1837 322 1927 Marcianum]
344 1859 452 1900 saaca
473 1844 504 1901 et
523 1836 600 1901 illud
616 1837 780 1923 antisigma
793 1859 858 1900 non
872 1837 903 1899 in
927 1842 962 1897 Ψ
973 1838 1096 1904 Graeca
1111 1839 1331 1924 quaerendum,

118 1956 226 2020 sedin
247 1953 288 2020 Ξ’
310 1954 459 2040 opinatus
488 1956 577 2017 ‘nam
599 1953 742 2038 exempla
767 1974 846 2038 quae
866 1952 1042 2016 Priscianus
1063 1952 1203 2035 adducit,
1231 1951 1331 2020 ubis

96 2071 194 2156 ,etP
216 2079 301 2151 sunt,
326 2068 431 2132 Arabs
458 2069 578 2133 caelebs
606 2068 738 2155 Pelops,
765 2068 886 2132 nullum
909 2069 983 2132 dant
1011 2068 1114 2134 locum
1136 2069 1331 2156 antisigmati,

118 2186 203 2272 quod
232 2185 336 2249 estin
361 2205 451 2264 saxa,
486 2184 513 2246 si
545 2184 695 2247 scribatur
724 2184 848 2248 Claudii
878 2207 966 2251 more
998 2208 1115 2249 saoce.
1151 2207 1247 2271 quare
1280 2185 1331 2250 vel

117 2301 268 2365 Prisciani
295 2299 382 2364 locus
410 2309 572 2385 corruptus
600 2308 646 2363 est
671 2299 722 2363 vel
752 2298 807 2363 ille
840 2322 904 2363 non
934 2310 1017 2364 recte
1045 2301 1161 2388 cepisse
1189 2300 1331 2364 videtur!

116 2417 163 2479 At
182 2437 244 2500 qua
265 2415 304 2479 de
326 2437 416 2478 causa
436 2436 494 2499 pro
515 2415 545 2480 Ξ
564 2414 688 2481 Graeca
708 2412 857 2479 Claudius
878 2415 1030 2481 invenerit
1050 2417 1229 2502 antisigma,
1259 2439 1330 2481 cum

116 2532 178 2594 iam
198 2539 332 2594 exstaret
353 2553 413 2615 qua
434 2529 520 2592 illam
540 2550 649 2592 vocem
669 2529 805 2593 Romani
824 2529 989 2616 signabant
1009 2530 1043 2594 X
1062 2532 1180 2617 figura,
1199 2532 1261 2595 hoc
1278 2539 1332 2595 aut

117 2647 228 2711 celavit
253 2647 453 2712 Burmannus
481 2653 534 2708 aut
565 2641 728 2728 ignoravit.
779 2643 899 2709 Verum
928 2655 1033 2710 tamen
1060 2645 1151 2709 huius
1178 2646 1331 2732 opinionis

116 2762 240 2842 levitas,
258 2761 352 2826 modo
371 2759 506 2825 dilucide
528 2760 567 2824 de
582 2759 733 2824 Marciani
754 2759 857 2823 verbis
878 2759 1061 2842 dixerimus,
1083 2760 1154 2824 satis
1176 2762 1332 2825 confutata

116 2852 257 2940 latiorem
285 2876 455 2940 orationem
489 2896 553 2938 non
588 2873 750 2938 desiderat.
808 2871 872 2952 Qui
904 2896 979 2940 vero
1014 2876 1129 2941 librum
1161 2876 1331 2942 ‘Nouvcau

14 2965 18 2972 ⁸
115 2992 205 3055 traitd
233 2991 273 3056 de
302 2990 439 3076 diplom.²
467 2990 656 3076 scripserunt
686 2991 745 3075 ipsi
776 2990 910 3054 viderint
937 3012 999 3076 quo
1027 2992 1094 3057 iure
1126 2992 1158 3054 in
1193 2992 1255 3056 vol.
1283 2992 1329 3056 H.

114 3131 144 3193 p.
167 3107 209 3171 49
230 3105 394 3191 antisigma
421 3106 551 3168 fortasse
577 3105 669 3168 etiam
695 3127 752 3192 pro
779 3101 830 3171 SS
867 3104 962 3170 literis
991 3105 1124 3170 valuisse
1157 3105 1332 3171 addiderint

117 3223 231 3309 quippe
251 3245 383 3308 quarum
409 3221 442 3283 in
469 3219 581 3284 Latina
607 3220 716 3306 lingua
743 3242 815 3284 usus
841 3219 932 3284 latius
960 3231 1078 3308 pateret
1104 3228 1205 3307 quam
1225 3221 1278 3288 PS
1300 3231 1331 3286 et

114 3336 169 3404 ΒΞ
191 3359 311 3402 vocum.
355 3336 458 3414 Quam
479 3337 511 3399 in
533 3337 741 3401 coniecturam
763 3333 816 3400 OC
836 3335 938 3421 figura
960 3358 1027 3400 esse
1047 3336 1165 3400 inducti
1185 3336 1331 3400 videntur

116 3476 177 3539 qua
198 3452 362 3537 antisigma
383 3450 589 3516 Claudianum
610 3452 704 3516 fuisse
732 3451 852 3515 codices
873 3451 1024 3516 Prisciani
1052 3451 1148 3515 secuti
1177 3450 1330 3515 existima·

115 3569 217 3650 bant,
234 3545 299 3632 etsi*
318 3566 474 3652 aliquanto
503 3564 645 3632 Graecae
675 3566 802 3652 linguae
835 3567 998 3652 peritiores
1025 3567 1139 3632 scirent
1167 3565 1331 3652 antisigma

114 3707 178 3749 non
208 3706 275 3748 esse
304 3682 421 3769 duplex
446 3682 554 3768 sigma.
602 3681 693 3746 Alios
723 3681 855 3767 denique
885 3681 937 3767 qui
967 3679 1121 3746 Graecam
1146 3685 1183 3741 X
1208 3679 1330 3744 literam
1433 3680 1435 3684 ⁸

114 3800 278 3886 antisigma
303 3820 450 3885 aequasse
477 3798 657 3862 hallucinati
685 3806 756 3861 sunt
783 3797 833 3881 (cf.
861 3796 980 3862 ‘Noua
1008 3805 1047 3859 tr.
1076 3798 1105 3861 d.
1134 3795 1217 3882 dipl.‘
1244 3796 1265 3859 l.
1286 3797 1329 3881 d.)

113 3916 281 4002 praeterire
302 3914 422 3979 silentio
443 3922 586 4002 praestat.

195 4030 265 4094 Iam
285 4028 435 4095 Marciani
455 4030 630 4095 testimonio
652 4029 765 4094 reiecto
787 4028 827 4092 ad
847 4019 1039 4092 Priscianum
1061 4027 1223 4090 redeamus
1244 4024 1329 4088 errius

31 4155 36 4160 “
113 4146 207 4234 plena
228 4146 323 4210 verba
343 4146 421 4210 haec
440 4154 511 4209 sunt
532 4144 633 4208 ‘Huic
654 4142 702 4232 [S]
723 4143 925 4230 praeponitur
944 4142 971 4206 P
993 4152 1024 4206 et
1044 4141 1114 4206 loeo
1142 4138 1329 4205 muraenae

113 4249 267 4347 iungitur,
288 4285 346 4350 pro
369 4284 431 4347 qua
453 4244 602 4328 Claudius
631 4259 746 4326 Caesar
774 4259 938 4346 antisigma
959 4255 1013 4322 OC
1034 4256 1094 4319 hac
1113 4255 1216 4341 figura
1236 4254 1330 4318 scribi

113 4377 220 4448 uoluit.
261 4377 316 4440 sed
350 4376 428 4440 nulli
461 4377 527 4441 ausi
555 4385 626 4439 sunt
660 4374 818 4460 antiquam
845 4373 1028 4459 scripturam
1056 4379 1189 4450 mutare,
1222 4392 1328 4455 quam-

113 4492 159 4557 vis
181 4514 243 4558 non
266 4493 332 4556 sine
353 4492 473 4556 ratione
492 4492 569 4556 baec
589 4512 713 4576 quoque
733 4489 850 4576 duplex
868 4512 887 4552 a
902 4486 1031 4554 Graecis
1051 4487 1156 4551 addita
1176 4485 1328 4566 videatur,
