2902 5122
767 256 812 330 20

181 473 314 538 mediam
340 473 421 536 inter
445 471 473 536 Ε
504 471 586 554 etl,
615 470 675 534 hoo
702 492 799 535 unum
824 472 900 536 libet
930 482 1079 555 quaerore
1107 491 1183 534 num
1210 472 1400 556 cogitatione

180 588 277 676 possit
295 585 515 674 comprehendi
537 585 612 650 duas
634 608 726 651 voces
748 606 787 649 ex
808 587 893 651 omni
912 595 999 673 parte
1021 585 1157 650 divmsas
1175 587 1259 670 (nam
1280 607 1400 672 ecquae

180 725 272 768 voces
299 704 401 789 magis
430 701 511 766 inter.
538 722 572 765 se
600 700 746 764 differunt
772 724 866 786 quam
900 723 936 766 ea
970 720 1050 786 qnae
1082 709 1129 764 eet
1153 701 1235 766 inter
1263 701 1291 765 E
1319 712 1351 766 et
1381 703 1399 766 Ι

180 810 305 882 vocales
323 817 470 903 ambigua
491 824 521 880 et
541 836 579 880 ea
598 838 679 902 quae
701 824 748 880 est
766 815 888 880 interV
900 824 932 880 et
949 815 1003 900 It)
1018 815 1093 879 duas
1114 817 1211 901 igitur
1229 817 1285 880 has
1303 839 1399 882 voces

181 930 348 997 Claudium
368 931 462 996 scribi
479 931 568 994 litera
588 931 722 996 voluisse
740 953 803 994 una
822 939 853 995 et
872 929 1004 996 eadem?
1034 929 1143 997 Simile
1164 931 1259 1016 igitur
1278 933 1399 1019 aliquid

180 1056 345 1134 antequam
365 1055 638 1129 commonstretur,
659 1054 765 1110 nostro
786 1046 878 1110 credo
899 1047 967 1110 iure
980 1045 1040 1110 hac
1055 1067 1091 1110 re
1107 1047 1276 1132 poterimus
1290 1060 1400 1134 super·

181 1163 290 1229 sedere
308 1171 344 1227 nt
361 1161 502 1249 pluribus
525 1161 659 1227 Brctieri
680 1158 879 1247 Seyfertique
900 1161 1076 1246 opinionem
1097 1162 1298 1226 confutemus.

635 1424 939 1439 —n—d--u—-n-—n--n-

489 1621 493 1632 ¹
619 1659 968 1774 capitanatum.

264 1849 343 1914 Tres
363 1848 468 1913 lheras
498 1846 665 1914 Claudium
692 1849 855 1924 Romanae
878 1850 1055 1916 literaturae
1088 1853 1242 1917 addidisse
1270 1852 1399 1918 Tacitus

181 1975 212 2030 et
233 1962 399 2032 Suetonius
420 1964 589 2029 memoriae
608 1965 827 2051 prodiderunt,
848 1975 911 2029 tres
930 1965 1036 2031 literas
1056 1969 1249 2054 grammatici
1263 1990 1400 2033 comme-

181 2091 344 2148 morante
365 2079 497 2146 Claudio
518 2079 675 2162 inventas,
696 2102 828 2166 quarum
848 2081 949 2169 prima
969 2091 1002 2145 et·
1025 2082 1115 2146 tertia
1133 2082 1167 2144 in
1188 2084 1400 2169 compluribus

181 2197 284 2262 adhuo
311 2171 560 2281 inscriptionibus
589 2195 834 2282 conspiciuntur,
863 2197 989 2261 alterius
1016 2219 1080 2262 non
1106 2207 1255 2284 apparent
1281 2198 1340 2262 nisi
1364 2200 1400 2266 in

181 2332 244 2378 uno
264 2308 354 2376 titulo
374 2310 513 2396 vestigia
546 2309 702 2388 Quartum
720 2320 824 2375 autem
843 2311 941 2375 tribus
963 2312 1029 2376 istis
1049 2312 1181 2378 inventis
1201 2313 1261 2377 hoo
1281 2314 1400 2378 adden-

181 2426 258 2491 dum
278 2432 325 2490 est
345 2426 430 2510 quod
449 2425 513 2490 ΑΕ
534 2424 728 2512 diphthongo
750 2422 899 2490 Claudius
920 2427 1035 2491 abolita
1053 2428 1087 2492 A
1108 2425 1175 2492 etl
1199 2427 1305 2492 literas
1325 2431 1399 2492 sub-

182 2541 294 2622 stituit,
322 2541 407 2605 ouius
435 2540 482 2605 rei
514 2563 579 2606 non
606 2539 731 2604 Tacitus
766 2536 933 2605 Suetonius
964 2540 1158 2629 grammatici
1188 2542 1400 2607 testimonium

159 2657 346 2745 ,perhibent
375 2656 430 2720 sed
454 2655 675 2744 inscriptiones.
730 2654 814 2718 Nam
847 2656 931 2740 quod
966 2657 1102 2743 primum
1128 2667 1175 2721 cst
1207 2657 1239 2722 in
1266 2658 1401 2744 publicis

181 2770 277 2836 titulis
299 2771 410 2858 quibus
431 2771 623 2838 Claudianae
643 2770 803 2835 literarum
828 2770 947 2836 formae
972 2771 1136 2858 inscriptae
1163 2781 1235 2835 sunt
1256 2773 1403 2837 omnibus

182 2887 297 2973 ubique
317 2885 370 2950 AI
390 2885 530 2972 syllaba,
558 2885 620 2950 ΑΕ
647 2908 801 2971 nusquam
828 2889 989 2974 reperitur.
1039 2884 1095 2954 Sic
1119 2886 1152 2950 in
1178 2885 1314 2952 titulis2
1337 2889 1404 2952 34

181 3013 231 3068 ter
257 2997 427 3068 OAISAR
450 3010 481 3066 et
508 3000 541 3064 in
567 3000 662 3066 titulis
691 3002 710 3066 9
740 3003 936 3088 1011,qui
962 3026 1034 3069 cum
1054 3024 1149 3068 unam
1168 3002 1402 3089 inscriptionem

185 3117 320 3182 efficiant
340 3137 404 3180 non
425 3115 540 3180 debent
557 3117 694 3204 seiungi,
714 3118 793 3182 haec
810 3117 971 3204 leguntur:
1095 3184 1102 3199 ἱ

639 3231 911 3298 AGRJPPINAI

640 3347 868 3414 ANTONIAI

640 3459 878 3528 AVGVSTAJ

643 3558 804 3645 aarum

644 3690 831 3759 OAISARI

643 3805 837 3874 OAISARis

644 3921 856 3991 (JAISARIS
874 3934 924 3989 ter

643 4034 792 4103 IVLIAI

643 4153 851 4220 cOTAmAl

644 4270 834 4336 PATRIAI
1191 4353 1193 4357 Ι

191 4379 300 4448 sicin
323 4385 521 4474 inscriptione
543 4386 562 4450 6
584 4408 603 4449 a
624 4387 816 4475 Vespasiano
838 4387 889 4452 vel
909 4386 981 4452 Tito
1001 4394 1151 4452 renovata
1179 4393 1210 4449 et
1235 4381 1408 4448 instaurata
1432 4473 1438 4482 ·

190 4505 294 4561 tamen
314 4486 384 4564 nl
409 4497 578 4567 OAISAR
604 4503 756 4591 scriptura
782 4513 905 4570 servata
933 4512 986 4568 est.
1031 4501 1127 4581 Quod
1154 4520 1230 4564 vero
1256 4498 1288 4561 in
1314 4495 1408 4560 titulo
